
      <record>
         <leader>00000nz  a2200169   4500</leader>
         <controlfield tag="001">30004580</controlfield>
         <controlfield tag="003">RISM</controlfield>
         <controlfield tag="005">20160216</controlfield>
         <controlfield tag="008">160216n||az|||||||##########||||||||||||</controlfield>
         <datafield tag="040" ind1=" " ind2=" ">
            <subfield code="a">I-ADc</subfield>
         </datafield>
         <datafield tag="043" ind1=" " ind2=" ">
            <subfield code="c">XA-IT</subfield>
         </datafield>
         <datafield tag="110" ind1="2" ind2=" ">
            <subfield code="a">Conservatorio Antonio Buzzolla, Biblioteca</subfield>
            <subfield code="c">Adria</subfield>
            <subfield code="g">I-ADc</subfield>
         </datafield>
         <datafield tag="622" ind1=" " ind2=" ">
            <subfield code="e">Conservatorio Antonio Buzzolla,, Biblioteca, Viale Maddalena 2, I-45011 Adria (RO)., Regione Veneto</subfield>
         </datafield>
      </record>