
      <record>
         <leader>00000nz  a2200169   4500</leader>
         <controlfield tag="001">30004581</controlfield>
         <controlfield tag="003">RISM</controlfield>
         <controlfield tag="005">20160216</controlfield>
         <controlfield tag="008">160216n||az|||||||##########||||||||||||</controlfield>
         <datafield tag="040" ind1=" " ind2=" ">
            <subfield code="a">I-ADcom</subfield>
         </datafield>
         <datafield tag="043" ind1=" " ind2=" ">
            <subfield code="c">XA-IT</subfield>
         </datafield>
         <datafield tag="110" ind1="2" ind2=" ">
            <subfield code="a">Biblioteca comunale</subfield>
            <subfield code="c">Adria</subfield>
            <subfield code="g">I-ADcom</subfield>
         </datafield>
         <datafield tag="622" ind1=" " ind2=" ">
            <subfield code="e">Biblioteca comunale, Piazza Bocchi 6, 45011 Adria (RO), Italy</subfield>
            <subfield code="u">http://www.comune.adria.ro.it/flex/cm/pages/ServeBLOB.php/L/IT/IDPagina/77</subfield>
         </datafield>
      </record>