
      <record>
         <leader>00000nz  a2200169   4500</leader>
         <controlfield tag="001">30004583</controlfield>
         <controlfield tag="003">RISM</controlfield>
         <controlfield tag="005">20160216</controlfield>
         <controlfield tag="008">160216n||az|||||||##########||||||||||||</controlfield>
         <datafield tag="040" ind1=" " ind2=" ">
            <subfield code="a">I-ADFc</subfield>
         </datafield>
         <datafield tag="043" ind1=" " ind2=" ">
            <subfield code="c">XA-IT</subfield>
         </datafield>
         <datafield tag="110" ind1="2" ind2=" ">
            <subfield code="a">Biblioteca Comunale Giuseppe Maselli Campagna</subfield>
            <subfield code="c">Acquaviva delle Fonti</subfield>
            <subfield code="g">I-ADFc</subfield>
         </datafield>
         <datafield tag="622" ind1=" " ind2=" ">
            <subfield code="e">Biblioteca Comunale Giuseppe Maselli, Campagna, Piazza dei Martiri, I-70021 Acquaviva, delle Fonti (BA). Regione Puglia.</subfield>
         </datafield>
      </record>