
      <record>
         <leader>00000nz  a2200169   4500</leader>
         <controlfield tag="001">30005021</controlfield>
         <controlfield tag="003">RISM</controlfield>
         <controlfield tag="005">20160216</controlfield>
         <controlfield tag="008">160216n||az|||||||##########||||||||||||</controlfield>
         <datafield tag="040" ind1=" " ind2=" ">
            <subfield code="a">I-ADFd</subfield>
         </datafield>
         <datafield tag="043" ind1=" " ind2=" ">
            <subfield code="c">XA-IT</subfield>
         </datafield>
         <datafield tag="110" ind1="2" ind2=" ">
            <subfield code="a">Concattedrale di S. Eustachio, Archivio</subfield>
            <subfield code="c">Acquaviva delle Fonti</subfield>
            <subfield code="g">I-ADFd</subfield>
         </datafield>
         <datafield tag="410" ind1="2" ind2=" ">
            <subfield code="a">Cattedrale (Duomo), Archivio</subfield>
         </datafield>
         <datafield tag="622" ind1=" " ind2=" ">
            <subfield code="e">Concattedrale di S. Eustachio, Archivio, Palazzo vescovile (Diocesi di,  Altamura-Gravina-Acquaviva delle Fonti), Piazza dei Martiri, 70021 Acquaviva delle Fonti, Italy</subfield>
         </datafield>
      </record>