
      <record>
         <leader>00000nz  a2200169   4500</leader>
         <controlfield tag="001">30001727</controlfield>
         <controlfield tag="003">RISM</controlfield>
         <controlfield tag="005">20160216</controlfield>
         <controlfield tag="008">160216n||az|||||||##########||||||||||||</controlfield>
         <datafield tag="040" ind1=" " ind2=" ">
            <subfield code="a">I-Af</subfield>
         </datafield>
         <datafield tag="043" ind1=" " ind2=" ">
            <subfield code="c">XA-IT</subfield>
         </datafield>
         <datafield tag="110" ind1="2" ind2=" ">
            <subfield code="a">Biblioteca e Centro di documentazione francescana del Sacro Convento di San Francesco</subfield>
            <subfield code="c">Assisi</subfield>
            <subfield code="g">I-Af</subfield>
         </datafield>
         <datafield tag="410" ind1="2" ind2=" ">
            <subfield code="a">Archivio di San Francesco</subfield>
         </datafield>
         <datafield tag="622" ind1=" " ind2=" ">
            <subfield code="e">Biblioteca e Centro di documentazione, francescana del Sacro Convento di San, Francesco, Piazza San Francesco, 2, 06081 Assisi, Italy</subfield>
            <subfield code="u">http://www.istitutoteologicoassisi.it/biblioteca/index.htm</subfield>
         </datafield>
      </record>