
      <record>
         <leader>00000nz  a2200169   4500</leader>
         <controlfield tag="001">30003064</controlfield>
         <controlfield tag="003">RISM</controlfield>
         <controlfield tag="005">20160216</controlfield>
         <controlfield tag="008">160216n||az|||||||##########||||||||||||</controlfield>
         <datafield tag="040" ind1=" " ind2=" ">
            <subfield code="a">I-AG</subfield>
         </datafield>
         <datafield tag="043" ind1=" " ind2=" ">
            <subfield code="c">XA-IT</subfield>
         </datafield>
         <datafield tag="110" ind1="2" ind2=" ">
            <subfield code="a">Biblioteca Lucchesiana</subfield>
            <subfield code="c">Agrigento</subfield>
            <subfield code="g">I-AG</subfield>
         </datafield>
         <datafield tag="622" ind1=" " ind2=" ">
            <subfield code="e">Biblioteca Lucchesiana, Via Duomo, 94, 92100 Agrigento (AG), Italy</subfield>
            <subfield code="u">http://goo.gl/AlM9ji</subfield>
         </datafield>
      </record>