
      <record>
         <leader>00000nz  a2200169   4500</leader>
         <controlfield tag="001">30001729</controlfield>
         <controlfield tag="003">RISM</controlfield>
         <controlfield tag="005">20160216</controlfield>
         <controlfield tag="008">160216n||az|||||||##########||||||||||||</controlfield>
         <datafield tag="040" ind1=" " ind2=" ">
            <subfield code="a">I-AGI</subfield>
         </datafield>
         <datafield tag="043" ind1=" " ind2=" ">
            <subfield code="c">XA-IT</subfield>
         </datafield>
         <datafield tag="110" ind1="2" ind2=" ">
            <subfield code="a">Biblioteca comunale Pietro Mineo</subfield>
            <subfield code="c">Agira</subfield>
            <subfield code="g">I-AGI</subfield>
         </datafield>
         <datafield tag="622" ind1=" " ind2=" ">
            <subfield code="e">Biblioteca comunale Pietro Mineo, Largo Fiera, 54, 94011 Agira (EN), Italy</subfield>
            <subfield code="u">http://goo.gl/9WJo7p</subfield>
         </datafield>
      </record>