
      <record>
         <leader>00000nz  a2200169   4500</leader>
         <controlfield tag="001">30003406</controlfield>
         <controlfield tag="003">RISM</controlfield>
         <controlfield tag="005">20160216</controlfield>
         <controlfield tag="008">160216n||az|||||||##########||||||||||||</controlfield>
         <datafield tag="040" ind1=" " ind2=" ">
            <subfield code="a">I-AGN</subfield>
         </datafield>
         <datafield tag="043" ind1=" " ind2=" ">
            <subfield code="c">XA-IT</subfield>
         </datafield>
         <datafield tag="110" ind1="2" ind2=" ">
            <subfield code="a">Biblioteca Emidiana (Chiesa Parrocchiale di S. Emidio)</subfield>
            <subfield code="c">Agnone</subfield>
            <subfield code="g">I-AGN</subfield>
         </datafield>
         <datafield tag="410" ind1="2" ind2=" ">
            <subfield code="a">Chiesa Parrocchiale di S. Emidio</subfield>
         </datafield>
         <datafield tag="622" ind1=" " ind2=" ">
            <subfield code="e">Biblioteca Emidiana (Chiesa, Parrocchiale di S. Emidio), Corso Vittorio Emanuele 82, I-86081, Agnone (CB). Regione Molise</subfield>
         </datafield>
      </record>