
      <record>
         <leader>00000nz  a2200169   4500</leader>
         <controlfield tag="001">30001730</controlfield>
         <controlfield tag="003">RISM</controlfield>
         <controlfield tag="005">20160216</controlfield>
         <controlfield tag="008">160216n||az|||||||##########||||||||||||</controlfield>
         <datafield tag="040" ind1=" " ind2=" ">
            <subfield code="a">I-AL</subfield>
         </datafield>
         <datafield tag="043" ind1=" " ind2=" ">
            <subfield code="c">XA-IT</subfield>
         </datafield>
         <datafield tag="110" ind1="2" ind2=" ">
            <subfield code="a">Biblioteca capitolare</subfield>
            <subfield code="c">Albenga</subfield>
            <subfield code="g">I-AL</subfield>
         </datafield>
         <datafield tag="410" ind1="2" ind2=" ">
            <subfield code="a">Biblioteca e Archivio capitolari della Cattedrale di San Michele Arcangelo</subfield>
         </datafield>
         <datafield tag="622" ind1=" " ind2=" ">
            <subfield code="e">Biblioteca capitolare, Via Episcopio, 5, 17031 Albenga (SV), Italy</subfield>
            <subfield code="u">http://goo.gl/CKTqdj</subfield>
         </datafield>
      </record>