
      <record>
         <leader>00000nz  a2200169   4500</leader>
         <controlfield tag="001">30005849</controlfield>
         <controlfield tag="003">RISM</controlfield>
         <controlfield tag="005">20160216</controlfield>
         <controlfield tag="008">160216n||az|||||||##########||||||||||||</controlfield>
         <datafield tag="040" ind1=" " ind2=" ">
            <subfield code="a">I-ALB</subfield>
         </datafield>
         <datafield tag="043" ind1=" " ind2=" ">
            <subfield code="c">XA-IT</subfield>
         </datafield>
         <datafield tag="110" ind1="2" ind2=" ">
            <subfield code="a">Biblioteca Leone Dehon</subfield>
            <subfield code="c">Albino</subfield>
            <subfield code="g">I-ALB</subfield>
         </datafield>
         <datafield tag="622" ind1=" " ind2=" ">
            <subfield code="e">Biblioteca Leone Dehon, Via Leone Dehon 1, 24021 Albino (BG)., Regione Lombardia</subfield>
         </datafield>
      </record>