
      <record>
         <leader>00000nz  a2200169   4500</leader>
         <controlfield tag="001">30004587</controlfield>
         <controlfield tag="003">RISM</controlfield>
         <controlfield tag="005">20160216</controlfield>
         <controlfield tag="008">160216n||az|||||||##########||||||||||||</controlfield>
         <datafield tag="040" ind1=" " ind2=" ">
            <subfield code="a">I-ALCcm</subfield>
         </datafield>
         <datafield tag="043" ind1=" " ind2=" ">
            <subfield code="c">XA-IT</subfield>
         </datafield>
         <datafield tag="110" ind1="2" ind2=" ">
            <subfield code="a">Basilica di S. Maria Assunta, Chiesa Madre, Biblioteca</subfield>
            <subfield code="c">Alcamo</subfield>
            <subfield code="g">I-ALCcm</subfield>
         </datafield>
         <datafield tag="410" ind1="2" ind2=" ">
            <subfield code="a">Chiesa Madre, Archivio</subfield>
         </datafield>
         <datafield tag="622" ind1=" " ind2=" ">
            <subfield code="e">Basilica di S. Maria Assunta, Chiesa, Madre, Biblioteca, Via Flavio Gioia 21, I-91011 Alcamo, (TP). Regione Sicilia</subfield>
         </datafield>
      </record>