
      <record>
         <leader>00000nz  a2200169   4500</leader>
         <controlfield tag="001">30003407</controlfield>
         <controlfield tag="003">RISM</controlfield>
         <controlfield tag="005">20160216</controlfield>
         <controlfield tag="008">160216n||az|||||||##########||||||||||||</controlfield>
         <datafield tag="040" ind1=" " ind2=" ">
            <subfield code="a">I-ALEa</subfield>
         </datafield>
         <datafield tag="043" ind1=" " ind2=" ">
            <subfield code="c">XA-IT</subfield>
         </datafield>
         <datafield tag="110" ind1="2" ind2=" ">
            <subfield code="a">Archivio di Stato di Alessandria &lt;Alessandria&gt;</subfield>
            <subfield code="c">Alessandria</subfield>
            <subfield code="g">I-ALEa</subfield>
         </datafield>
         <datafield tag="410" ind1="2" ind2=" ">
            <subfield code="a">Archivio di Stato di Alessandria, Biblioteca</subfield>
         </datafield>
         <datafield tag="622" ind1=" " ind2=" ">
            <subfield code="e">Archivio di Stato di Alessandria, Via G. Solero 43, I-15100 Alessandria., Regione Piemonte</subfield>
            <subfield code="u">http://www.archivi.beniculturali.it/ASAL/</subfield>
         </datafield>
      </record>