
      <record>
         <leader>00000nz  a2200169   4500</leader>
         <controlfield tag="001">30004590</controlfield>
         <controlfield tag="003">RISM</controlfield>
         <controlfield tag="005">20160216</controlfield>
         <controlfield tag="008">160216n||az|||||||##########||||||||||||</controlfield>
         <datafield tag="040" ind1=" " ind2=" ">
            <subfield code="a">I-ALEciv</subfield>
         </datafield>
         <datafield tag="043" ind1=" " ind2=" ">
            <subfield code="c">XA-IT</subfield>
         </datafield>
         <datafield tag="110" ind1="2" ind2=" ">
            <subfield code="a">Biblioteca Civica &lt;Alessandria&gt;</subfield>
            <subfield code="c">Alessandria</subfield>
            <subfield code="g">I-ALEciv</subfield>
         </datafield>
         <datafield tag="622" ind1=" " ind2=" ">
            <subfield code="e">Biblioteca Civica, Via Tripoli 16, I-15100 Alessandria., Regione Piemonte</subfield>
            <subfield code="u">http://www.comune.alessandria.it</subfield>
         </datafield>
      </record>