
      <record>
         <leader>00000nz  a2200169   4500</leader>
         <controlfield tag="001">30004591</controlfield>
         <controlfield tag="003">RISM</controlfield>
         <controlfield tag="005">20160216</controlfield>
         <controlfield tag="008">160216n||az|||||||##########||||||||||||</controlfield>
         <datafield tag="040" ind1=" " ind2=" ">
            <subfield code="a">I-ALEd</subfield>
         </datafield>
         <datafield tag="043" ind1=" " ind2=" ">
            <subfield code="c">XA-IT</subfield>
         </datafield>
         <datafield tag="110" ind1="2" ind2=" ">
            <subfield code="a">Cattedrale di San Pietro, Archivio Capitolare</subfield>
            <subfield code="c">Alessandria</subfield>
            <subfield code="g">I-ALEd</subfield>
         </datafield>
         <datafield tag="410" ind1="2" ind2=" ">
            <subfield code="a">Cattedrale di San Pietro, Biblioteca Capitolare</subfield>
         </datafield>
         <datafield tag="622" ind1=" " ind2=" ">
            <subfield code="e">Cattedrale di San Pietro, Archivio, Capitolare, Piazza Giovanni XXIII n. 1, I-15100, Alessandria</subfield>
         </datafield>
      </record>