
      <record>
         <leader>00000nz  a2200169   4500</leader>
         <controlfield tag="001">30004592</controlfield>
         <controlfield tag="003">RISM</controlfield>
         <controlfield tag="005">20160216</controlfield>
         <controlfield tag="008">160216n||az|||||||##########||||||||||||</controlfield>
         <datafield tag="040" ind1=" " ind2=" ">
            <subfield code="a">I-ALEf</subfield>
         </datafield>
         <datafield tag="043" ind1=" " ind2=" ">
            <subfield code="c">XA-IT</subfield>
         </datafield>
         <datafield tag="110" ind1="2" ind2=" ">
            <subfield code="a">Centro di Cultura Popolare G. Ferraro, Biblioteca</subfield>
            <subfield code="c">Alessandria</subfield>
            <subfield code="g">I-ALEf</subfield>
         </datafield>
         <datafield tag="622" ind1=" " ind2=" ">
            <subfield code="e">Centro di Cultura Popolare G. Ferraro,, Biblioteca, Via Guaso 49, I-15100 Alessandria., Regione Piemonte</subfield>
         </datafield>
      </record>