
      <record>
         <leader>00000nz  a2200169   4500</leader>
         <controlfield tag="001">30001731</controlfield>
         <controlfield tag="003">RISM</controlfield>
         <controlfield tag="005">20160216</controlfield>
         <controlfield tag="008">160216n||az|||||||##########||||||||||||</controlfield>
         <datafield tag="040" ind1=" " ind2=" ">
            <subfield code="a">I-ALEi</subfield>
         </datafield>
         <datafield tag="043" ind1=" " ind2=" ">
            <subfield code="c">XA-IT</subfield>
         </datafield>
         <datafield tag="110" ind1="2" ind2=" ">
            <subfield code="a">Biblioteca del Conservatorio di musica Antonio Vivaldi</subfield>
            <subfield code="c">Alessandria</subfield>
            <subfield code="g">I-ALEi</subfield>
         </datafield>
         <datafield tag="410" ind1="2" ind2=" ">
            <subfield code="a">Istituto musicale Antonio Vivaldi</subfield>
         </datafield>
         <datafield tag="622" ind1=" " ind2=" ">
            <subfield code="e">Biblioteca del Conservatorio di musica, Antonio Vivaldi, Via Parma, 1, 15121 Alessandria (AL), Italy</subfield>
            <subfield code="u">http://www.conservatoriovivaldi.it/</subfield>
         </datafield>
      </record>