
      <record>
         <leader>00000nz  a2200169   4500</leader>
         <controlfield tag="001">30004593</controlfield>
         <controlfield tag="003">RISM</controlfield>
         <controlfield tag="005">20160216</controlfield>
         <controlfield tag="008">160216n||az|||||||##########||||||||||||</controlfield>
         <datafield tag="040" ind1=" " ind2=" ">
            <subfield code="a">I-ALEm</subfield>
         </datafield>
         <datafield tag="043" ind1=" " ind2=" ">
            <subfield code="c">XA-IT</subfield>
         </datafield>
         <datafield tag="110" ind1="2" ind2=" ">
            <subfield code="a">Museo Civico</subfield>
            <subfield code="c">Alessandria</subfield>
            <subfield code="g">I-ALEm</subfield>
         </datafield>
         <datafield tag="622" ind1=" " ind2=" ">
            <subfield code="e">Museo Civico, Via Tripoli 16, I-15100 Alessandria., Regione Piemonte</subfield>
         </datafield>
      </record>