
      <record>
         <leader>00000nz  a2200169   4500</leader>
         <controlfield tag="001">30005026</controlfield>
         <controlfield tag="003">RISM</controlfield>
         <controlfield tag="005">20160216</controlfield>
         <controlfield tag="008">160216n||az|||||||##########||||||||||||</controlfield>
         <datafield tag="040" ind1=" " ind2=" ">
            <subfield code="a">I-ALIc</subfield>
         </datafield>
         <datafield tag="043" ind1=" " ind2=" ">
            <subfield code="c">XA-IT</subfield>
         </datafield>
         <datafield tag="110" ind1="2" ind2=" ">
            <subfield code="a">Archivio comunale (Banda municipale)</subfield>
            <subfield code="c">Alatri</subfield>
            <subfield code="g">I-ALIc</subfield>
         </datafield>
         <datafield tag="622" ind1=" " ind2=" ">
            <subfield code="e">Archivio comunale (Banda municipale), Piazza S. Maria Maggiore, 03011 Alatri (FR), Italy</subfield>
         </datafield>
      </record>