
      <record>
         <leader>00000nz  a2200169   4500</leader>
         <controlfield tag="001">30005546</controlfield>
         <controlfield tag="003">RISM</controlfield>
         <controlfield tag="005">20160216</controlfield>
         <controlfield tag="008">160216n||az|||||||##########||||||||||||</controlfield>
         <datafield tag="040" ind1=" " ind2=" ">
            <subfield code="a">I-ALS</subfield>
         </datafield>
         <datafield tag="043" ind1=" " ind2=" ">
            <subfield code="c">XA-IT</subfield>
         </datafield>
         <datafield tag="110" ind1="2" ind2=" ">
            <subfield code="a">Villa Gavotti, Archivio</subfield>
            <subfield code="c">Albisola Superiore</subfield>
            <subfield code="g">I-ALS</subfield>
         </datafield>
         <datafield tag="622" ind1=" " ind2=" ">
            <subfield code="e">Villa Gavotti, Archivio, Via della Rovere 71, I-17013 Albisola, Superiore (SV). Regione Liguria</subfield>
         </datafield>
      </record>