
      <record>
         <leader>00000nz  a2200169   4500</leader>
         <controlfield tag="001">30004596</controlfield>
         <controlfield tag="003">RISM</controlfield>
         <controlfield tag="005">20160216</controlfield>
         <controlfield tag="008">160216n||az|||||||##########||||||||||||</controlfield>
         <datafield tag="040" ind1=" " ind2=" ">
            <subfield code="a">I-ALTm</subfield>
         </datafield>
         <datafield tag="043" ind1=" " ind2=" ">
            <subfield code="c">XA-IT</subfield>
         </datafield>
         <datafield tag="110" ind1="2" ind2=" ">
            <subfield code="a">Archivio e Biblioteca del Museo Civico</subfield>
            <subfield code="c">Altamura</subfield>
            <subfield code="g">I-ALTm</subfield>
         </datafield>
         <datafield tag="410" ind1="2" ind2=" ">
            <subfield code="a">Museo Civico, Archivio e Biblioteca</subfield>
         </datafield>
         <datafield tag="622" ind1=" " ind2=" ">
            <subfield code="e">Archivio e Biblioteca del Museo Civico, Piazza Zanardelli 30, I-70022 Altamura, (BA). Regione Puglia</subfield>
         </datafield>
      </record>