
      <record>
         <leader>00000nz  a2200169   4500</leader>
         <controlfield tag="001">30004597</controlfield>
         <controlfield tag="003">RISM</controlfield>
         <controlfield tag="005">20160216</controlfield>
         <controlfield tag="008">160216n||az|||||||##########||||||||||||</controlfield>
         <datafield tag="040" ind1=" " ind2=" ">
            <subfield code="a">I-ALTsm</subfield>
         </datafield>
         <datafield tag="043" ind1=" " ind2=" ">
            <subfield code="c">XA-IT</subfield>
         </datafield>
         <datafield tag="110" ind1="2" ind2=" ">
            <subfield code="a">Associazione Amici della Musica Saverio Mercadante, Biblioteca</subfield>
            <subfield code="c">Altamura</subfield>
            <subfield code="g">I-ALTsm</subfield>
         </datafield>
         <datafield tag="622" ind1=" " ind2=" ">
            <subfield code="e">Associazione Amici della Musica Saverio, Mercadante, Biblioteca, Via S. Agostino 76, I-70022 Altamura, (BA). Regione Puglia</subfield>
         </datafield>
      </record>