
      <record>
         <leader>00000nz  a2200169   4500</leader>
         <controlfield tag="001">30004598</controlfield>
         <controlfield tag="003">RISM</controlfield>
         <controlfield tag="005">20160216</controlfield>
         <controlfield tag="008">160216n||az|||||||##########||||||||||||</controlfield>
         <datafield tag="040" ind1=" " ind2=" ">
            <subfield code="a">I-AMc</subfield>
         </datafield>
         <datafield tag="043" ind1=" " ind2=" ">
            <subfield code="c">XA-IT</subfield>
         </datafield>
         <datafield tag="110" ind1="2" ind2=" ">
            <subfield code="a">Biblioteca Civica</subfield>
            <subfield code="c">Altomonte</subfield>
            <subfield code="g">I-AMc</subfield>
         </datafield>
         <datafield tag="410" ind1="2" ind2=" ">
            <subfield code="a">Biblioteca Comunale</subfield>
         </datafield>
         <datafield tag="622" ind1=" " ind2=" ">
            <subfield code="e">Biblioteca Civica, Piazza S. M. della Consolazione, I, -87042 Altomonte (CS). Regione Calabria</subfield>
         </datafield>
      </record>