
      <record>
         <leader>00000nz  a2200169   4500</leader>
         <controlfield tag="001">30004600</controlfield>
         <controlfield tag="003">RISM</controlfield>
         <controlfield tag="005">20160216</controlfield>
         <controlfield tag="008">160216n||az|||||||##########||||||||||||</controlfield>
         <datafield tag="040" ind1=" " ind2=" ">
            <subfield code="a">I-AMEb</subfield>
         </datafield>
         <datafield tag="043" ind1=" " ind2=" ">
            <subfield code="c">XA-IT</subfield>
         </datafield>
         <datafield tag="110" ind1="2" ind2=" ">
            <subfield code="a">Archivio Comunale della Banda Municipale</subfield>
            <subfield code="c">Amelia</subfield>
            <subfield code="g">I-AMEb</subfield>
         </datafield>
         <datafield tag="410" ind1="2" ind2=" ">
            <subfield code="a">Archivio della Banda Comunale</subfield>
         </datafield>
         <datafield tag="622" ind1=" " ind2=" ">
            <subfield code="e">Archivio Comunale della Banda Municipale, Piazza del Comune, I-05022 Amelia (TR)., Regione Umbria</subfield>
         </datafield>
      </record>