
      <record>
         <leader>00000nz  a2200169   4500</leader>
         <controlfield tag="001">30005038</controlfield>
         <controlfield tag="003">RISM</controlfield>
         <controlfield tag="005">20160216</controlfield>
         <controlfield tag="008">160216n||az|||||||##########||||||||||||</controlfield>
         <datafield tag="040" ind1=" " ind2=" ">
            <subfield code="a">I-Amt</subfield>
         </datafield>
         <datafield tag="043" ind1=" " ind2=" ">
            <subfield code="c">XA-IT</subfield>
         </datafield>
         <datafield tag="110" ind1="2" ind2=" ">
            <subfield code="a">Museo del Tesoro della Basilica di San Francesco</subfield>
            <subfield code="c">Assisi</subfield>
            <subfield code="g">I-Amt</subfield>
         </datafield>
         <datafield tag="622" ind1=" " ind2=" ">
            <subfield code="e">Museo del Tesoro della Basilica di San, Francesco, Piazza San Francesco 1, I-06081 Assisi, (PG). Regione Umbria</subfield>
         </datafield>
      </record>