
      <record>
         <leader>00000nz  a2200169   4500</leader>
         <controlfield tag="001">30076699</controlfield>
         <controlfield tag="003">RISM</controlfield>
         <controlfield tag="005">20160216</controlfield>
         <controlfield tag="008">160216n||az|||||||##########||||||||||||</controlfield>
         <datafield tag="040" ind1=" " ind2=" ">
            <subfield code="a">I-ANAcl</subfield>
         </datafield>
         <datafield tag="043" ind1=" " ind2=" ">
            <subfield code="c">XA-IT</subfield>
         </datafield>
         <datafield tag="110" ind1="2" ind2=" ">
            <subfield code="a">Biblioteca Claudiana</subfield>
            <subfield code="c">Anagni</subfield>
            <subfield code="g">I-ANAcl</subfield>
         </datafield>
         <datafield tag="410" ind1="2" ind2=" ">
            <subfield code="a">Archivio musicale della Congregazione suore cistercensi della carità</subfield>
         </datafield>
         <datafield tag="622" ind1=" " ind2=" ">
            <subfield code="e">Biblioteca Claudiana, Via Vittorio Emanuele, 236, 03012 Anagni (FR), Italy</subfield>
         </datafield>
      </record>