
      <record>
         <leader>00000nz  a2200169   4500</leader>
         <controlfield tag="001">30004601</controlfield>
         <controlfield tag="003">RISM</controlfield>
         <controlfield tag="005">20160216</controlfield>
         <controlfield tag="008">160216n||az|||||||##########||||||||||||</controlfield>
         <datafield tag="040" ind1=" " ind2=" ">
            <subfield code="a">I-ANAd</subfield>
         </datafield>
         <datafield tag="043" ind1=" " ind2=" ">
            <subfield code="c">XA-IT</subfield>
         </datafield>
         <datafield tag="110" ind1="2" ind2=" ">
            <subfield code="a">Archivio capitolare della Cattedrale</subfield>
            <subfield code="c">Anagni</subfield>
            <subfield code="g">I-ANAd</subfield>
         </datafield>
         <datafield tag="410" ind1="2" ind2=" ">
            <subfield code="a">Archivio della Cappella musicale del Duomo</subfield>
         </datafield>
         <datafield tag="622" ind1=" " ind2=" ">
            <subfield code="e">Archivio capitolare della Cattedrale, Via Leone, XIII, 03012 Anagni (FR), Italy</subfield>
         </datafield>
      </record>