
      <record>
         <leader>00000nz  a2200169   4500</leader>
         <controlfield tag="001">30005030</controlfield>
         <controlfield tag="003">RISM</controlfield>
         <controlfield tag="005">20160216</controlfield>
         <controlfield tag="008">160216n||az|||||||##########||||||||||||</controlfield>
         <datafield tag="040" ind1=" " ind2=" ">
            <subfield code="a">I-ANboni</subfield>
         </datafield>
         <datafield tag="043" ind1=" " ind2=" ">
            <subfield code="c">XA-IT</subfield>
         </datafield>
         <datafield tag="110" ind1="2" ind2=" ">
            <subfield code="a">Biblioteca privata Boni</subfield>
            <subfield code="c">Ancona</subfield>
            <subfield code="g">I-ANboni</subfield>
         </datafield>
         <datafield tag="622" ind1=" " ind2=" ">
            <subfield code="e">Biblioteca privata Boni, I-60100 Ancona. Regione Marche</subfield>
         </datafield>
      </record>