
      <record>
         <leader>00000nz  a2200169   4500</leader>
         <controlfield tag="001">30002221</controlfield>
         <controlfield tag="003">RISM</controlfield>
         <controlfield tag="005">20160216</controlfield>
         <controlfield tag="008">160216n||az|||||||##########||||||||||||</controlfield>
         <datafield tag="040" ind1=" " ind2=" ">
            <subfield code="a">I-ANS</subfield>
         </datafield>
         <datafield tag="043" ind1=" " ind2=" ">
            <subfield code="c">XA-IT</subfield>
         </datafield>
         <datafield tag="110" ind1="2" ind2=" ">
            <subfield code="a">Archivio della Chiesa Collegiata dell'Assunta</subfield>
            <subfield code="c">Anguillara Sabazia</subfield>
            <subfield code="g">I-ANS</subfield>
         </datafield>
         <datafield tag="580" ind1=" " ind2=" ">
            <subfield code="x">I-NEasd</subfield>
            <subfield code="0">30080330</subfield>
         </datafield>
      </record>