
      <record>
         <leader>00000nz  a2200169   4500</leader>
         <controlfield tag="001">30004605</controlfield>
         <controlfield tag="003">RISM</controlfield>
         <controlfield tag="005">20160216</controlfield>
         <controlfield tag="008">160216n||az|||||||##########||||||||||||</controlfield>
         <datafield tag="040" ind1=" " ind2=" ">
            <subfield code="a">I-AOasa</subfield>
         </datafield>
         <datafield tag="043" ind1=" " ind2=" ">
            <subfield code="c">XA-IT</subfield>
         </datafield>
         <datafield tag="110" ind1="2" ind2=" ">
            <subfield code="a">Accademia di San Anselmo, Biblioteca</subfield>
            <subfield code="c">Aosta</subfield>
            <subfield code="g">I-AOasa</subfield>
         </datafield>
         <datafield tag="622" ind1=" " ind2=" ">
            <subfield code="e">Accademia di San Anselmo, Biblioteca, c/o Chiesa di S. Anselmo, Via Valli, Valdostane, I-111000 Aosta Val D'Aosta</subfield>
         </datafield>
      </record>