
      <record>
         <leader>00000nz  a2200169   4500</leader>
         <controlfield tag="001">30004606</controlfield>
         <controlfield tag="003">RISM</controlfield>
         <controlfield tag="005">20160216</controlfield>
         <controlfield tag="008">160216n||az|||||||##########||||||||||||</controlfield>
         <datafield tag="040" ind1=" " ind2=" ">
            <subfield code="a">I-AOasr</subfield>
         </datafield>
         <datafield tag="043" ind1=" " ind2=" ">
            <subfield code="c">XA-IT</subfield>
         </datafield>
         <datafield tag="110" ind1="2" ind2=" ">
            <subfield code="a">Archivio Storico Regionale, Biblioteca</subfield>
            <subfield code="c">Aosta</subfield>
            <subfield code="g">I-AOasr</subfield>
         </datafield>
         <datafield tag="622" ind1=" " ind2=" ">
            <subfield code="e">Archivio Storico Regionale, Biblioteca, Piazza Accademia S. Anselmo 2, I-11100, Aosta. Regione Valle D'Aosta</subfield>
         </datafield>
      </record>