
      <record>
         <leader>00000nz  a2200169   4500</leader>
         <controlfield tag="001">30005032</controlfield>
         <controlfield tag="003">RISM</controlfield>
         <controlfield tag="005">20160216</controlfield>
         <controlfield tag="008">160216n||az|||||||##########||||||||||||</controlfield>
         <datafield tag="040" ind1=" " ind2=" ">
            <subfield code="a">I-AOso</subfield>
         </datafield>
         <datafield tag="043" ind1=" " ind2=" ">
            <subfield code="c">XA-IT</subfield>
         </datafield>
         <datafield tag="110" ind1="2" ind2=" ">
            <subfield code="a">Chiesa Collegiata di S. Orso, Archivio</subfield>
            <subfield code="c">Aosta</subfield>
            <subfield code="g">I-AOso</subfield>
         </datafield>
         <datafield tag="622" ind1=" " ind2=" ">
            <subfield code="e">Chiesa Collegiata di S. Orso, Archivio, Via S. Orso 14, I-11100 Aosta. Regione, Val D'Aosta</subfield>
         </datafield>
      </record>