
      <record>
         <leader>00000nz  a2200169   4500</leader>
         <controlfield tag="001">30003409</controlfield>
         <controlfield tag="003">RISM</controlfield>
         <controlfield tag="005">20160216</controlfield>
         <controlfield tag="008">160216n||az|||||||##########||||||||||||</controlfield>
         <datafield tag="040" ind1=" " ind2=" ">
            <subfield code="a">I-AP</subfield>
         </datafield>
         <datafield tag="043" ind1=" " ind2=" ">
            <subfield code="c">XA-IT</subfield>
         </datafield>
         <datafield tag="110" ind1="2" ind2=" ">
            <subfield code="a">Biblioteca Comunale Giulio Gabrielli</subfield>
            <subfield code="c">Ascoli Piceno</subfield>
            <subfield code="g">I-AP</subfield>
         </datafield>
         <datafield tag="622" ind1=" " ind2=" ">
            <subfield code="e">Biblioteca Comunale Giulio Gabrielli, Piazza Arringo 6, I-63100 Ascoli, Piceno. Regione Marche</subfield>
         </datafield>
      </record>