
      <record>
         <leader>00000nz  a2200169   4500</leader>
         <controlfield tag="001">30005036</controlfield>
         <controlfield tag="003">RISM</controlfield>
         <controlfield tag="005">20160216</controlfield>
         <controlfield tag="008">160216n||az|||||||##########||||||||||||</controlfield>
         <datafield tag="040" ind1=" " ind2=" ">
            <subfield code="a">I-Ap</subfield>
         </datafield>
         <datafield tag="043" ind1=" " ind2=" ">
            <subfield code="c">XA-IT</subfield>
         </datafield>
         <datafield tag="110" ind1="2" ind2=" ">
            <subfield code="a">Biblioteca della Porziuncola (Basilica di S. Maria degli Angeli)</subfield>
            <subfield code="c">Assisi</subfield>
            <subfield code="g">I-Ap</subfield>
         </datafield>
         <datafield tag="410" ind1="2" ind2=" ">
            <subfield code="a">Biblioteca Porziuncola (Basilica di S. Maria degli Angeli)</subfield>
         </datafield>
         <datafield tag="622" ind1=" " ind2=" ">
            <subfield code="e">Biblioteca della Porziuncola (Basilica, di S. Maria degli Angeli), Via Porziuncola, I-06081 Assisi (PG)., Regione Umbria</subfield>
         </datafield>
      </record>