
      <record>
         <leader>00000nz  a2200169   4500</leader>
         <controlfield tag="001">30004609</controlfield>
         <controlfield tag="003">RISM</controlfield>
         <controlfield tag="005">20160216</controlfield>
         <controlfield tag="008">160216n||az|||||||##########||||||||||||</controlfield>
         <datafield tag="040" ind1=" " ind2=" ">
            <subfield code="a">I-APGss</subfield>
         </datafield>
         <datafield tag="043" ind1=" " ind2=" ">
            <subfield code="c">XA-IT</subfield>
         </datafield>
         <datafield tag="110" ind1="2" ind2=" ">
            <subfield code="a">Parrocchia di San Stefano, Archivio</subfield>
            <subfield code="c">Appiano Gentile</subfield>
            <subfield code="g">I-APGss</subfield>
         </datafield>
         <datafield tag="622" ind1=" " ind2=" ">
            <subfield code="e">Parrocchia di San Stefano, Archivio, Via Canonica 3, I-22070 Appiano Gentile, (CO). Regione Lombardia</subfield>
         </datafield>
      </record>