
      <record>
         <leader>00000nz  a2200169   4500</leader>
         <controlfield tag="001">30004608</controlfield>
         <controlfield tag="003">RISM</controlfield>
         <controlfield tag="005">20160216</controlfield>
         <controlfield tag="008">160216n||az|||||||##########||||||||||||</controlfield>
         <datafield tag="040" ind1=" " ind2=" ">
            <subfield code="a">I-API</subfield>
         </datafield>
         <datafield tag="043" ind1=" " ind2=" ">
            <subfield code="c">XA-IT</subfield>
         </datafield>
         <datafield tag="110" ind1="2" ind2=" ">
            <subfield code="a">Chiesa Collegiata di San Urbano, Archivio</subfield>
            <subfield code="c">Apiro</subfield>
            <subfield code="g">I-API</subfield>
         </datafield>
         <datafield tag="622" ind1=" " ind2=" ">
            <subfield code="e">Chiesa Collegiata di San Urbano,, Archivio, Piazza G. Baldini, Via Leopardi 16, I, -62021 Apiro (MC). Regione Marche</subfield>
         </datafield>
      </record>