
      <record>
         <leader>00000nz  a2200169   4500</leader>
         <controlfield tag="001">30003410</controlfield>
         <controlfield tag="003">RISM</controlfield>
         <controlfield tag="005">20160216</controlfield>
         <controlfield tag="008">160216n||az|||||||##########||||||||||||</controlfield>
         <datafield tag="040" ind1=" " ind2=" ">
            <subfield code="a">I-AQ</subfield>
         </datafield>
         <datafield tag="043" ind1=" " ind2=" ">
            <subfield code="c">XA-IT</subfield>
         </datafield>
         <datafield tag="110" ind1="2" ind2=" ">
            <subfield code="a">Duomo, Archivio</subfield>
            <subfield code="c">Aquileia</subfield>
            <subfield code="g">I-AQ</subfield>
         </datafield>
         <datafield tag="410" ind1="2" ind2=" ">
            <subfield code="a">Archivio della Basilica</subfield>
         </datafield>
         <datafield tag="622" ind1=" " ind2=" ">
            <subfield code="e">Duomo, Archivio, Via Poppone, Basilica, I-33051 Aquileia, (UD). Regione Friuli Venezia Giulia</subfield>
         </datafield>
      </record>