
      <record>
         <leader>00000nz  a2200169   4500</leader>
         <controlfield tag="001">30005033</controlfield>
         <controlfield tag="003">RISM</controlfield>
         <controlfield tag="005">20160216</controlfield>
         <controlfield tag="008">160216n||az|||||||##########||||||||||||</controlfield>
         <datafield tag="040" ind1=" " ind2=" ">
            <subfield code="a">I-ARcv</subfield>
         </datafield>
         <datafield tag="043" ind1=" " ind2=" ">
            <subfield code="c">XA-IT</subfield>
         </datafield>
         <datafield tag="110" ind1="2" ind2=" ">
            <subfield code="a">Curia Vescovile, Biblioteca (Fondo di S. Maria della Pieve)</subfield>
            <subfield code="c">Arezzo</subfield>
            <subfield code="g">I-ARcv</subfield>
         </datafield>
         <datafield tag="622" ind1=" " ind2=" ">
            <subfield code="e">Curia Vescovile, Biblioteca (Fondo di, S. Maria della Pieve), Piazza Duomo 1, I-52100 Arezzo. Regione, Toscana</subfield>
         </datafield>
      </record>