
      <record>
         <leader>00000nz  a2200169   4500</leader>
         <controlfield tag="001">30001734</controlfield>
         <controlfield tag="003">RISM</controlfield>
         <controlfield tag="005">20160216</controlfield>
         <controlfield tag="008">160216n||az|||||||##########||||||||||||</controlfield>
         <datafield tag="040" ind1=" " ind2=" ">
            <subfield code="a">I-ARd</subfield>
         </datafield>
         <datafield tag="043" ind1=" " ind2=" ">
            <subfield code="c">XA-IT</subfield>
         </datafield>
         <datafield tag="110" ind1="2" ind2=" ">
            <subfield code="a">Archivio capitolare del Duomo</subfield>
            <subfield code="c">Arezzo</subfield>
            <subfield code="g">I-ARd</subfield>
         </datafield>
         <datafield tag="622" ind1=" " ind2=" ">
            <subfield code="e">Archivio capitolare del Duomo, Piazza di Murello, 2, 52100 Arezzo (AR), Italy</subfield>
            <subfield code="u">http://www.fondazioneabd.it/</subfield>
         </datafield>
      </record>