
      <record>
         <leader>00000nz  a2200169   4500</leader>
         <controlfield tag="001">30078118</controlfield>
         <controlfield tag="003">RISM</controlfield>
         <controlfield tag="005">20160216</controlfield>
         <controlfield tag="008">160216n||az|||||||##########||||||||||||</controlfield>
         <datafield tag="040" ind1=" " ind2=" ">
            <subfield code="a">I-ARPsma</subfield>
         </datafield>
         <datafield tag="043" ind1=" " ind2=" ">
            <subfield code="c">IT</subfield>
         </datafield>
         <datafield tag="110" ind1="2" ind2=" ">
            <subfield code="a">Chiesa di S. Maria Assunta</subfield>
            <subfield code="c">Arpino</subfield>
            <subfield code="g">I-ARPsma</subfield>
         </datafield>
         <datafield tag="622" ind1=" " ind2=" ">
            <subfield code="e">Chiesa di S. Maria Assunta, Piazza S. Maria, 03033 Arpino, Italy</subfield>
         </datafield>
      </record>