
      <record>
         <leader>00000nz  a2200169   4500</leader>
         <controlfield tag="001">30004611</controlfield>
         <controlfield tag="003">RISM</controlfield>
         <controlfield tag="005">20160216</controlfield>
         <controlfield tag="008">160216n||az|||||||##########||||||||||||</controlfield>
         <datafield tag="040" ind1=" " ind2=" ">
            <subfield code="a">I-ARTsm</subfield>
         </datafield>
         <datafield tag="043" ind1=" " ind2=" ">
            <subfield code="c">XA-IT</subfield>
         </datafield>
         <datafield tag="110" ind1="2" ind2=" ">
            <subfield code="a">Biblioteca e Archivio del Convento di Santa Maria di Gesù (Padri Francescani)</subfield>
            <subfield code="c">Artena</subfield>
            <subfield code="g">I-ARTsm</subfield>
         </datafield>
         <datafield tag="410" ind1="2" ind2=" ">
            <subfield code="a">Biblioteca francescana</subfield>
         </datafield>
         <datafield tag="622" ind1=" " ind2=" ">
            <subfield code="e">Biblioteca e Archivio del Convento di,  Santa Maria di Gesù (Padri Francescani), Via del Convento, 83, 00031 Artena (RM), Italy</subfield>
         </datafield>
      </record>