
      <record>
         <leader>00000nz  a2200169   4500</leader>
         <controlfield tag="001">30004610</controlfield>
         <controlfield tag="003">RISM</controlfield>
         <controlfield tag="005">20160216</controlfield>
         <controlfield tag="008">160216n||az|||||||##########||||||||||||</controlfield>
         <datafield tag="040" ind1=" " ind2=" ">
            <subfield code="a">I-ARu</subfield>
         </datafield>
         <datafield tag="043" ind1=" " ind2=" ">
            <subfield code="c">XA-IT</subfield>
         </datafield>
         <datafield tag="110" ind1="2" ind2=" ">
            <subfield code="a">Università degli Studi di Siena, sede di Arezzo Facoltà di Magistero Dipartimento di Teoria e Document. Tradizioni Culturali Storia della Musica</subfield>
            <subfield code="c">Arezzo</subfield>
            <subfield code="g">I-ARu</subfield>
         </datafield>
         <datafield tag="410" ind1="2" ind2=" ">
            <subfield code="a">Università degli Studi di Siena sede di Arezzo, Istituto di Storia della Musica, Bibliote</subfield>
         </datafield>
         <datafield tag="622" ind1=" " ind2=" ">
            <subfield code="e">Università degli Studi di Siena, sede, di Arezzo Facoltà di Magistero, Dipartimento di Teoria e Document., Tradizioni Culturali Storia della Musica, Via S. Fabiano 9, I-52100 Arezzo., Regione Toscana</subfield>
         </datafield>
      </record>