
      <record>
         <leader>00000nz  a2200169   4500</leader>
         <controlfield tag="001">30077408</controlfield>
         <controlfield tag="003">RISM</controlfield>
         <controlfield tag="005">20160216</controlfield>
         <controlfield tag="008">160216n||az|||||||##########||||||||||||</controlfield>
         <datafield tag="040" ind1=" " ind2=" ">
            <subfield code="a">I-ASAbc</subfield>
         </datafield>
         <datafield tag="043" ind1=" " ind2=" ">
            <subfield code="c">IT</subfield>
         </datafield>
         <datafield tag="110" ind1="2" ind2=" ">
            <subfield code="a">Biblioteca Comunale Pasquale Rosario</subfield>
            <subfield code="c">Ascoli Satriano</subfield>
            <subfield code="g">I-ASAbc</subfield>
         </datafield>
         <datafield tag="622" ind1=" " ind2=" ">
            <subfield code="e">Biblioteca Comunale Pasquale Rosario, c/o Chiostro Convento OFM S. Potito,  Martire, Piazza San Francesco d’Assisi, 1, 71022 Ascoli Satriano, Italy</subfield>
            <subfield code="u">http://www.comune.ascolisatriano.fg.it/cca/html/modules/wfchannel/index.php?pagenum=41</subfield>
         </datafield>
      </record>