
      <record>
         <leader>00000nz  a2200169   4500</leader>
         <controlfield tag="001">30002572</controlfield>
         <controlfield tag="003">RISM</controlfield>
         <controlfield tag="005">20160216</controlfield>
         <controlfield tag="008">160216n||az|||||||##########||||||||||||</controlfield>
         <datafield tag="040" ind1=" " ind2=" ">
            <subfield code="a">I-ASCmo</subfield>
         </datafield>
         <datafield tag="043" ind1=" " ind2=" ">
            <subfield code="c">XA-IT</subfield>
         </datafield>
         <datafield tag="110" ind1="2" ind2=" ">
            <subfield code="a">Biblioteca dell'Abbazia Benedettina di Monte Oliveto Maggiore</subfield>
            <subfield code="c">Asciano</subfield>
            <subfield code="g">I-ASCmo</subfield>
         </datafield>
         <datafield tag="622" ind1=" " ind2=" ">
            <subfield code="e">Biblioteca dell'Abbazia Benedettina di,  Monte Oliveto Maggiore, 53041 Asciano, Italy</subfield>
            <subfield code="u">http://www.monteolivetomaggiore.it/home.html</subfield>
         </datafield>
      </record>