
      <record>
         <leader>00000nz  a2200169   4500</leader>
         <controlfield tag="001">30003411</controlfield>
         <controlfield tag="003">RISM</controlfield>
         <controlfield tag="005">20160216</controlfield>
         <controlfield tag="008">160216n||az|||||||##########||||||||||||</controlfield>
         <datafield tag="040" ind1=" " ind2=" ">
            <subfield code="a">I-ASi</subfield>
         </datafield>
         <datafield tag="043" ind1=" " ind2=" ">
            <subfield code="c">XA-IT</subfield>
         </datafield>
         <datafield tag="110" ind1="2" ind2=" ">
            <subfield code="a">Istituto Musicale Giuseppe Verdi, Biblioteca</subfield>
            <subfield code="c">Asti</subfield>
            <subfield code="g">I-ASi</subfield>
         </datafield>
         <datafield tag="622" ind1=" " ind2=" ">
            <subfield code="e">Istituto Musicale Giuseppe Verdi,, Biblioteca, Via Natta 22, I-14100 Asti. Regione, Piemonte</subfield>
         </datafield>
      </record>