
      <record>
         <leader>00000nz  a2200169   4500</leader>
         <controlfield tag="001">30004615</controlfield>
         <controlfield tag="003">RISM</controlfield>
         <controlfield tag="005">20160216</controlfield>
         <controlfield tag="008">160216n||az|||||||##########||||||||||||</controlfield>
         <datafield tag="040" ind1=" " ind2=" ">
            <subfield code="a">I-ASOd</subfield>
         </datafield>
         <datafield tag="043" ind1=" " ind2=" ">
            <subfield code="c">XA-IT</subfield>
         </datafield>
         <datafield tag="110" ind1="2" ind2=" ">
            <subfield code="a">Duomo, Archivio</subfield>
            <subfield code="c">Asola</subfield>
            <subfield code="g">I-ASOd</subfield>
         </datafield>
         <datafield tag="622" ind1=" " ind2=" ">
            <subfield code="e">Duomo, Archivio, Via della Libertà 3, I-46041 Asola, (MN). Regione Lombardia</subfield>
         </datafield>
      </record>