
      <record>
         <leader>00000nz  a2200169   4500</leader>
         <controlfield tag="001">30006047</controlfield>
         <controlfield tag="003">RISM</controlfield>
         <controlfield tag="005">20160216</controlfield>
         <controlfield tag="008">160216n||az|||||||##########||||||||||||</controlfield>
         <datafield tag="040" ind1=" " ind2=" ">
            <subfield code="a">I-ATj</subfield>
         </datafield>
         <datafield tag="043" ind1=" " ind2=" ">
            <subfield code="c">XA-IT</subfield>
         </datafield>
         <datafield tag="110" ind1="2" ind2=" ">
            <subfield code="a">Archivio-Museo Antonio Di Jorio</subfield>
            <subfield code="c">Atri</subfield>
            <subfield code="g">I-ATj</subfield>
         </datafield>
         <datafield tag="622" ind1=" " ind2=" ">
            <subfield code="e">Archivio-Museo Antonio Di Jorio, Piazza del Duomo, I-64032 Atri (TE)</subfield>
         </datafield>
      </record>