
      <record>
         <leader>00000nz  a2200169   4500</leader>
         <controlfield tag="001">30004616</controlfield>
         <controlfield tag="003">RISM</controlfield>
         <controlfield tag="005">20160216</controlfield>
         <controlfield tag="008">160216n||az|||||||##########||||||||||||</controlfield>
         <datafield tag="040" ind1=" " ind2=" ">
            <subfield code="a">I-AVEs</subfield>
         </datafield>
         <datafield tag="043" ind1=" " ind2=" ">
            <subfield code="c">XA-IT</subfield>
         </datafield>
         <datafield tag="110" ind1="2" ind2=" ">
            <subfield code="a">Seminario Vescovile Paolo VI, Biblioteca</subfield>
            <subfield code="c">Aversa</subfield>
            <subfield code="g">I-AVEs</subfield>
         </datafield>
         <datafield tag="410" ind1="2" ind2=" ">
            <subfield code="a">Biblioteca Seminarile Paolo VI</subfield>
         </datafield>
         <datafield tag="622" ind1=" " ind2=" ">
            <subfield code="e">Seminario Vescovile Paolo VI, Biblioteca, Piazza Normanna, I-81031 Aversa (CE)., Regione Campania</subfield>
         </datafield>
      </record>