
      <record>
         <leader>00000nz  a2200169   4500</leader>
         <controlfield tag="001">30005040</controlfield>
         <controlfield tag="003">RISM</controlfield>
         <controlfield tag="005">20160216</controlfield>
         <controlfield tag="008">160216n||az|||||||##########||||||||||||</controlfield>
         <datafield tag="040" ind1=" " ind2=" ">
            <subfield code="a">I-AVZcv</subfield>
         </datafield>
         <datafield tag="043" ind1=" " ind2=" ">
            <subfield code="c">XA-IT</subfield>
         </datafield>
         <datafield tag="110" ind1="2" ind2=" ">
            <subfield code="a">Curia Vescovile, Biblioteca e Archivio Diocesano dei Marsi</subfield>
            <subfield code="c">Avezzano</subfield>
            <subfield code="g">I-AVZcv</subfield>
         </datafield>
         <datafield tag="622" ind1=" " ind2=" ">
            <subfield code="e">Curia Vescovile, Biblioteca e Archivio,  Diocesano dei Marsi, Corso della libertà, 54, 67051 Avezzano (AQ), Italy</subfield>
            <subfield code="u">http://www.diocesidiavezzano.it/index.php?option=com_content&amp;view=featured&amp;Itemid=101</subfield>
         </datafield>
      </record>