
      <record>
         <leader>00000nz  a2200169   4500</leader>
         <controlfield tag="001">30001738</controlfield>
         <controlfield tag="003">RISM</controlfield>
         <controlfield tag="005">20160216</controlfield>
         <controlfield tag="008">160216n||az|||||||##########||||||||||||</controlfield>
         <datafield tag="040" ind1=" " ind2=" ">
            <subfield code="a">I-Baf</subfield>
         </datafield>
         <datafield tag="043" ind1=" " ind2=" ">
            <subfield code="c">XA-IT</subfield>
         </datafield>
         <datafield tag="110" ind1="2" ind2=" ">
            <subfield code="a">Accademia Filarmonica, Archivio Biblioteca</subfield>
            <subfield code="c">Bologna</subfield>
            <subfield code="g">I-Baf</subfield>
         </datafield>
         <datafield tag="622" ind1=" " ind2=" ">
            <subfield code="e">Accademia Filarmonica, Archivio,  Biblioteca, Via Guerrazzi 13, 40125 Bologna, Italy</subfield>
            <subfield code="u">http://www.accademiafilarmonica.it/index.php?page=archivio-biblioteca</subfield>
         </datafield>
      </record>