
      <record>
         <leader>00000nz  a2200169   4500</leader>
         <controlfield tag="001">30003416</controlfield>
         <controlfield tag="003">RISM</controlfield>
         <controlfield tag="005">20160216</controlfield>
         <controlfield tag="008">160216n||az|||||||##########||||||||||||</controlfield>
         <datafield tag="040" ind1=" " ind2=" ">
            <subfield code="a">I-BAgiovine</subfield>
         </datafield>
         <datafield tag="043" ind1=" " ind2=" ">
            <subfield code="c">XA-IT</subfield>
         </datafield>
         <datafield tag="110" ind1="2" ind2=" ">
            <subfield code="a">Biblioteca privata Alfredo Giovine</subfield>
            <subfield code="c">Bari</subfield>
            <subfield code="g">I-BAgiovine</subfield>
         </datafield>
         <datafield tag="410" ind1="2" ind2=" ">
            <subfield code="a">Alfredo Giovane, private collection</subfield>
         </datafield>
         <datafield tag="622" ind1=" " ind2=" ">
            <subfield code="e">Biblioteca privata Alfredo Giovine, I-Bari. Regione Puglia</subfield>
         </datafield>
      </record>