
      <record>
         <leader>00000nz  a2200169   4500</leader>
         <controlfield tag="001">30004622</controlfield>
         <controlfield tag="003">RISM</controlfield>
         <controlfield tag="005">20160216</controlfield>
         <controlfield tag="008">160216n||az|||||||##########||||||||||||</controlfield>
         <datafield tag="040" ind1=" " ind2=" ">
            <subfield code="a">I-BAibimus</subfield>
         </datafield>
         <datafield tag="043" ind1=" " ind2=" ">
            <subfield code="c">XA-IT</subfield>
         </datafield>
         <datafield tag="110" ind1="2" ind2=" ">
            <subfield code="a">Istituto di Bibliografia Musicale di Puglia</subfield>
            <subfield code="c">Bari</subfield>
            <subfield code="g">I-BAibimus</subfield>
         </datafield>
         <datafield tag="410" ind1="2" ind2=" ">
            <subfield code="a">Ibimus Puglia, Biblioteca</subfield>
         </datafield>
         <datafield tag="622" ind1=" " ind2=" ">
            <subfield code="e">Istituto di Bibliografia Musicale di,  Puglia, Via Brigata Bari, 26, 70124 Bari, Italy</subfield>
         </datafield>
      </record>