
      <record>
         <leader>00000nz  a2200169   4500</leader>
         <controlfield tag="001">30001739</controlfield>
         <controlfield tag="003">RISM</controlfield>
         <controlfield tag="005">20160216</controlfield>
         <controlfield tag="008">160216n||az|||||||##########||||||||||||</controlfield>
         <datafield tag="040" ind1=" " ind2=" ">
            <subfield code="a">I-Bam</subfield>
         </datafield>
         <datafield tag="043" ind1=" " ind2=" ">
            <subfield code="c">XA-IT</subfield>
         </datafield>
         <datafield tag="110" ind1="2" ind2=" ">
            <subfield code="a">Biblioteca Ambrosini in Biblioteca della Cassa di Risparmio</subfield>
            <subfield code="c">Bologna</subfield>
            <subfield code="g">I-Bam</subfield>
         </datafield>
         <datafield tag="622" ind1=" " ind2=" ">
            <subfield code="e">Biblioteca Ambrosini in Biblioteca della,  Cassa di Risparmio, via Farini, 22, 40124  Bologna (BO), Italy</subfield>
         </datafield>
      </record>