
      <record>
         <leader>00000nz  a2200169   4500</leader>
         <controlfield tag="001">30001746</controlfield>
         <controlfield tag="003">RISM</controlfield>
         <controlfield tag="005">20160216</controlfield>
         <controlfield tag="008">160216n||az|||||||##########||||||||||||</controlfield>
         <datafield tag="040" ind1=" " ind2=" ">
            <subfield code="a">I-BAn</subfield>
         </datafield>
         <datafield tag="043" ind1=" " ind2=" ">
            <subfield code="c">XA-IT</subfield>
         </datafield>
         <datafield tag="110" ind1="2" ind2=" ">
            <subfield code="a">Biblioteca nazionale Sagarriga Visconti-Volpi</subfield>
            <subfield code="c">Bari</subfield>
            <subfield code="g">I-BAn</subfield>
         </datafield>
         <datafield tag="622" ind1=" " ind2=" ">
            <subfield code="e">Biblioteca nazionale Sagarriga,  Visconti-Volpi, Via Pietro Oreste, 45, 70123 Bari (BA), Italy</subfield>
            <subfield code="u">http://www.bibliotecanazionalebari.beniculturali.it/</subfield>
         </datafield>
      </record>