
      <record>
         <leader>00000nz  a2200169   4500</leader>
         <controlfield tag="001">30004626</controlfield>
         <controlfield tag="003">RISM</controlfield>
         <controlfield tag="005">20160216</controlfield>
         <controlfield tag="008">160216n||az|||||||##########||||||||||||</controlfield>
         <datafield tag="040" ind1=" " ind2=" ">
            <subfield code="a">I-BAprc</subfield>
         </datafield>
         <datafield tag="043" ind1=" " ind2=" ">
            <subfield code="c">XA-IT</subfield>
         </datafield>
         <datafield tag="110" ind1="2" ind2=" ">
            <subfield code="a">Biblioteca Provinciale dei Cappuccini di Puglia (S. Fara)</subfield>
            <subfield code="c">Bari</subfield>
            <subfield code="g">I-BAprc</subfield>
         </datafield>
         <datafield tag="622" ind1=" " ind2=" ">
            <subfield code="e">Biblioteca Provinciale dei Cappuccini, di Puglia (S. Fara), Via Gen. N. Bellomo 94, I-70124 Bari., Regione Puglia</subfield>
         </datafield>
      </record>