
      <record>
         <leader>00000nz  a2200169   4500</leader>
         <controlfield tag="001">30003417</controlfield>
         <controlfield tag="003">RISM</controlfield>
         <controlfield tag="005">20160216</controlfield>
         <controlfield tag="008">160216n||az|||||||##########||||||||||||</controlfield>
         <datafield tag="040" ind1=" " ind2=" ">
            <subfield code="a">I-BAR</subfield>
         </datafield>
         <datafield tag="043" ind1=" " ind2=" ">
            <subfield code="c">XA-IT</subfield>
         </datafield>
         <datafield tag="110" ind1="2" ind2=" ">
            <subfield code="a">Biblioteca comunale Sabino Loffredo</subfield>
            <subfield code="c">Barletta</subfield>
            <subfield code="g">I-BAR</subfield>
         </datafield>
         <datafield tag="410" ind1="2" ind2=" ">
            <subfield code="a">Biblioteca comunale Sabino Loffredo. Teatro Comunale G. Curci</subfield>
         </datafield>
         <datafield tag="622" ind1=" " ind2=" ">
            <subfield code="e">Biblioteca comunale Sabino Loffredo, Piazza Castello, 76121 Barletta (BT), Italy</subfield>
            <subfield code="u">http://www.comune.barletta.ba.it/retecivica/biblioteca/index.htm</subfield>
         </datafield>
      </record>