
      <record>
         <leader>00000nz  a2200169   4500</leader>
         <controlfield tag="001">30004630</controlfield>
         <controlfield tag="003">RISM</controlfield>
         <controlfield tag="005">20160216</controlfield>
         <controlfield tag="008">160216n||az|||||||##########||||||||||||</controlfield>
         <datafield tag="040" ind1=" " ind2=" ">
            <subfield code="a">I-BARas</subfield>
         </datafield>
         <datafield tag="043" ind1=" " ind2=" ">
            <subfield code="c">XA-IT</subfield>
         </datafield>
         <datafield tag="110" ind1="2" ind2=" ">
            <subfield code="a">Archivio di Stato di Bari, Sezione di Barletta</subfield>
            <subfield code="c">Barletta</subfield>
            <subfield code="g">I-BARas</subfield>
         </datafield>
         <datafield tag="622" ind1=" " ind2=" ">
            <subfield code="e">Archivio di Stato di Bari, Sezione di, Barletta, Via Ferdinando d'Aragona 130, I-70051, Barletta (BA). Regione Puglia</subfield>
         </datafield>
      </record>