
      <record>
         <leader>00000nz  a2200169   4500</leader>
         <controlfield tag="001">30000075</controlfield>
         <controlfield tag="003">RISM</controlfield>
         <controlfield tag="005">20160216</controlfield>
         <controlfield tag="008">160216n||az|||||||##########||||||||||||</controlfield>
         <datafield tag="040" ind1=" " ind2=" ">
            <subfield code="a">I-Bas</subfield>
         </datafield>
         <datafield tag="043" ind1=" " ind2=" ">
            <subfield code="c">XA-IT</subfield>
         </datafield>
         <datafield tag="110" ind1="2" ind2=" ">
            <subfield code="a">Archivio di Stato, Biblioteca</subfield>
            <subfield code="c">Bologna</subfield>
            <subfield code="g">I-Bas</subfield>
         </datafield>
         <datafield tag="410" ind1="2" ind2=" ">
            <subfield code="a">Archivio di Stato, Fondo Malvezzi-Campegni</subfield>
         </datafield>
         <datafield tag="622" ind1=" " ind2=" ">
            <subfield code="e">Archivio di Stato, Biblioteca, Piazza Celestini 4, 40123 Bologna, Italy</subfield>
            <subfield code="u">http://www.archiviodistatobologna.it/h3/h3.exe/asitoAsbo/d3/fsezione?sezione.x=serviziSala;noImg.x=;sottosezione.x=salaBiblioteca</subfield>
         </datafield>
      </record>