
      <record>
         <leader>00000nz  a2200169   4500</leader>
         <controlfield tag="001">30004627</controlfield>
         <controlfield tag="003">RISM</controlfield>
         <controlfield tag="005">20160216</controlfield>
         <controlfield tag="008">160216n||az|||||||##########||||||||||||</controlfield>
         <datafield tag="040" ind1=" " ind2=" ">
            <subfield code="a">I-BAsn</subfield>
         </datafield>
         <datafield tag="043" ind1=" " ind2=" ">
            <subfield code="c">XA-IT</subfield>
         </datafield>
         <datafield tag="110" ind1="2" ind2=" ">
            <subfield code="a">Basilica di San Nicola, Biblioteca</subfield>
            <subfield code="c">Bari</subfield>
            <subfield code="g">I-BAsn</subfield>
         </datafield>
         <datafield tag="622" ind1=" " ind2=" ">
            <subfield code="e">Basilica di San Nicola, Biblioteca, Largo Abate Elia Torre a Mare 19, I, -70122 Bari. Regione Puglia</subfield>
         </datafield>
      </record>