
      <record>
         <leader>00000nz  a2200169   4500</leader>
         <controlfield tag="001">30005043</controlfield>
         <controlfield tag="003">RISM</controlfield>
         <controlfield tag="005">20160216</controlfield>
         <controlfield tag="008">160216n||az|||||||##########||||||||||||</controlfield>
         <datafield tag="040" ind1=" " ind2=" ">
            <subfield code="a">I-BAu</subfield>
         </datafield>
         <datafield tag="043" ind1=" " ind2=" ">
            <subfield code="c">XA-IT</subfield>
         </datafield>
         <datafield tag="110" ind1="2" ind2=" ">
            <subfield code="a">Facoltà di Lingue e Letterature Straniere, Università degli Studi di Bari, Biblioteca</subfield>
            <subfield code="c">Bari</subfield>
            <subfield code="g">I-BAu</subfield>
         </datafield>
         <datafield tag="410" ind1="2" ind2=" ">
            <subfield code="a">Biblioteca Centrale della Università degli Studi di Bari, Facoltà di Lingue, Storia di M</subfield>
         </datafield>
         <datafield tag="622" ind1=" " ind2=" ">
            <subfield code="e">Facoltà di Lingue e Letterature, Straniere, Università degli Studi di, Bari, Biblioteca, Via Sorrentino 8, I-70122 Bari. Regione, Puglia</subfield>
         </datafield>
      </record>