
      <record>
         <leader>00000nz  a2200169   4500</leader>
         <controlfield tag="001">30001740</controlfield>
         <controlfield tag="003">RISM</controlfield>
         <controlfield tag="005">20160216</controlfield>
         <controlfield tag="008">160216n||az|||||||##########||||||||||||</controlfield>
         <datafield tag="040" ind1=" " ind2=" ">
            <subfield code="a">I-Bc</subfield>
         </datafield>
         <datafield tag="043" ind1=" " ind2=" ">
            <subfield code="c">XA-IT</subfield>
         </datafield>
         <datafield tag="110" ind1="2" ind2=" ">
            <subfield code="a">Museo internazionale e biblioteca della musica di Bologna</subfield>
            <subfield code="c">Bologna</subfield>
            <subfield code="g">I-Bc</subfield>
         </datafield>
         <datafield tag="410" ind1="2" ind2=" ">
            <subfield code="a">Civico Museo Bibliografico Musicale G. B. Martini, Biblioteca</subfield>
         </datafield>
         <datafield tag="622" ind1=" " ind2=" ">
            <subfield code="e">Museo internazionale e biblioteca della,  musica di Bologna, Strada Maggiore, 34, 40125 Bologna, Italy</subfield>
            <subfield code="u">http://www.museomusicabologna.it</subfield>
         </datafield>
         <datafield tag="710" ind1="2" ind2=" ">
            <subfield code="a">Fondo Villa</subfield>
            <subfield code="0">30077844</subfield>
         </datafield>
      </record>