
      <record>
         <leader>00000nz  a2200169   4500</leader>
         <controlfield tag="001">30001741</controlfield>
         <controlfield tag="003">RISM</controlfield>
         <controlfield tag="005">20160216</controlfield>
         <controlfield tag="008">160216n||az|||||||##########||||||||||||</controlfield>
         <datafield tag="040" ind1=" " ind2=" ">
            <subfield code="a">I-Bca</subfield>
         </datafield>
         <datafield tag="043" ind1=" " ind2=" ">
            <subfield code="c">XA-IT</subfield>
         </datafield>
         <datafield tag="110" ind1="2" ind2=" ">
            <subfield code="a">Biblioteca comunale dell'Archiginnasio</subfield>
            <subfield code="c">Bologna</subfield>
            <subfield code="g">I-Bca</subfield>
         </datafield>
         <datafield tag="622" ind1=" " ind2=" ">
            <subfield code="e">Biblioteca comunale dell'Archiginnasio, Piazza Galvani, 1, 40124 Bologna (BO), Italy</subfield>
            <subfield code="u">http://www.archiginnasio.it/</subfield>
         </datafield>
      </record>