
      <record>
         <leader>00000nz  a2200169   4500</leader>
         <controlfield tag="001">30004653</controlfield>
         <controlfield tag="003">RISM</controlfield>
         <controlfield tag="005">20160216</controlfield>
         <controlfield tag="008">160216n||az|||||||##########||||||||||||</controlfield>
         <datafield tag="040" ind1=" " ind2=" ">
            <subfield code="a">I-Bcar</subfield>
         </datafield>
         <datafield tag="043" ind1=" " ind2=" ">
            <subfield code="c">XA-IT</subfield>
         </datafield>
         <datafield tag="110" ind1="2" ind2=" ">
            <subfield code="a">Casa Carducci, La biblioteca archivio</subfield>
            <subfield code="c">Bologna</subfield>
            <subfield code="g">I-Bcar</subfield>
         </datafield>
         <datafield tag="410" ind1="2" ind2=" ">
            <subfield code="a">Biblioteca Comunale G. Carducci</subfield>
         </datafield>
         <datafield tag="622" ind1=" " ind2=" ">
            <subfield code="e">Casa Carducci, La biblioteca archivio, Piazza Carducci 5, 40125 Bologna, Italy</subfield>
            <subfield code="u">http://www.casacarducci.it/</subfield>
         </datafield>
      </record>