
      <record>
         <leader>00000nz  a2200169   4500</leader>
         <controlfield tag="001">30005060</controlfield>
         <controlfield tag="003">RISM</controlfield>
         <controlfield tag="005">20160216</controlfield>
         <controlfield tag="008">160216n||az|||||||##########||||||||||||</controlfield>
         <datafield tag="040" ind1=" " ind2=" ">
            <subfield code="a">I-Bco</subfield>
         </datafield>
         <datafield tag="043" ind1=" " ind2=" ">
            <subfield code="c">XA-IT</subfield>
         </datafield>
         <datafield tag="110" ind1="2" ind2=" ">
            <subfield code="a">Convento dell'Osservanza, Biblioteca</subfield>
            <subfield code="c">Bologna</subfield>
            <subfield code="g">I-Bco</subfield>
         </datafield>
         <datafield tag="410" ind1="2" ind2=" ">
            <subfield code="a">Convento Osservanza, Biblioteca</subfield>
         </datafield>
         <datafield tag="622" ind1=" " ind2=" ">
            <subfield code="e">Convento dell'Osservanza, Biblioteca, Via dell'Osservanza 88, I-40136, Bologna. Regione Emilia Romagna</subfield>
         </datafield>
      </record>