
      <record>
         <leader>00000nz  a2200169   4500</leader>
         <controlfield tag="001">30001748</controlfield>
         <controlfield tag="003">RISM</controlfield>
         <controlfield tag="005">20160216</controlfield>
         <controlfield tag="008">160216n||az|||||||##########||||||||||||</controlfield>
         <datafield tag="040" ind1=" " ind2=" ">
            <subfield code="a">I-BDG</subfield>
         </datafield>
         <datafield tag="043" ind1=" " ind2=" ">
            <subfield code="c">XA-IT</subfield>
         </datafield>
         <datafield tag="110" ind1="2" ind2=" ">
            <subfield code="a">Biblioteca ed Archivio del Museo civico</subfield>
            <subfield code="c">Bassano del Grappa</subfield>
            <subfield code="g">I-BDG</subfield>
         </datafield>
         <datafield tag="622" ind1=" " ind2=" ">
            <subfield code="e">Biblioteca ed Archivio del Museo civico, Galleria Ragazzi del ‘99, Piazza Garibaldi, 34, 36061 Bassano del Grappa (VI), Italy</subfield>
            <subfield code="u">http://www.museibassano.it/Biblioteca-ed-Archivio</subfield>
         </datafield>
      </record>