
      <record>
         <leader>00000nz  a2200169   4500</leader>
         <controlfield tag="001">30001749</controlfield>
         <controlfield tag="003">RISM</controlfield>
         <controlfield tag="005">20160216</controlfield>
         <controlfield tag="008">160216n||az|||||||##########||||||||||||</controlfield>
         <datafield tag="040" ind1=" " ind2=" ">
            <subfield code="a">I-BE</subfield>
         </datafield>
         <datafield tag="043" ind1=" " ind2=" ">
            <subfield code="c">XA-IT</subfield>
         </datafield>
         <datafield tag="110" ind1="2" ind2=" ">
            <subfield code="a">Biblioteca Lolliniana e Gregoriana</subfield>
            <subfield code="c">Belluno</subfield>
            <subfield code="g">I-BE</subfield>
         </datafield>
         <datafield tag="410" ind1="2" ind2=" ">
            <subfield code="a">Seminario Gregoriano</subfield>
         </datafield>
         <datafield tag="622" ind1=" " ind2=" ">
            <subfield code="e">Biblioteca Lolliniana e Gregoriana, Via San Pietro, 19, 32100 Belluno (BL), Italy</subfield>
         </datafield>
      </record>