
      <record>
         <leader>00000nz  a2200169   4500</leader>
         <controlfield tag="001">30003418</controlfield>
         <controlfield tag="003">RISM</controlfield>
         <controlfield tag="005">20160216</controlfield>
         <controlfield tag="008">160216n||az|||||||##########||||||||||||</controlfield>
         <datafield tag="040" ind1=" " ind2=" ">
            <subfield code="a">I-BEc</subfield>
         </datafield>
         <datafield tag="043" ind1=" " ind2=" ">
            <subfield code="c">XA-IT</subfield>
         </datafield>
         <datafield tag="110" ind1="2" ind2=" ">
            <subfield code="a">Biblioteca Civica</subfield>
            <subfield code="c">Belluno</subfield>
            <subfield code="g">I-BEc</subfield>
         </datafield>
         <datafield tag="622" ind1=" " ind2=" ">
            <subfield code="e">Biblioteca Civica, Via Ripa 3, Palazzo Crepadona, I-32100, Belluno. Regione Veneto</subfield>
            <subfield code="u">http://biblioteca.comune.belluno.it/</subfield>
         </datafield>
      </record>