
      <record>
         <leader>00000nz  a2200169   4500</leader>
         <controlfield tag="001">30004637</controlfield>
         <controlfield tag="003">RISM</controlfield>
         <controlfield tag="005">20160216</controlfield>
         <controlfield tag="008">160216n||az|||||||##########||||||||||||</controlfield>
         <datafield tag="040" ind1=" " ind2=" ">
            <subfield code="a">I-BEd</subfield>
         </datafield>
         <datafield tag="043" ind1=" " ind2=" ">
            <subfield code="c">XA-IT</subfield>
         </datafield>
         <datafield tag="110" ind1="2" ind2=" ">
            <subfield code="a">Archivio Vescovile, Curia Diocesana di Belluno</subfield>
            <subfield code="c">Belluno</subfield>
            <subfield code="g">I-BEd</subfield>
         </datafield>
         <datafield tag="410" ind1="2" ind2=" ">
            <subfield code="a">Fabbriceria della Cattedrale, Biblioteca</subfield>
         </datafield>
         <datafield tag="622" ind1=" " ind2=" ">
            <subfield code="e">Archivio Vescovile, Curia Diocesana di, Belluno, Piazza Duomo 3, I-32100 Belluno., Regione Veneto</subfield>
         </datafield>
      </record>