
      <record>
         <leader>00000nz  a2200169   4500</leader>
         <controlfield tag="001">30000137</controlfield>
         <controlfield tag="003">RISM</controlfield>
         <controlfield tag="005">20160216</controlfield>
         <controlfield tag="008">160216n||az|||||||##########||||||||||||</controlfield>
         <datafield tag="040" ind1=" " ind2=" ">
            <subfield code="a">I-BGc</subfield>
         </datafield>
         <datafield tag="043" ind1=" " ind2=" ">
            <subfield code="c">XA-IT</subfield>
         </datafield>
         <datafield tag="110" ind1="2" ind2=" ">
            <subfield code="a">Civica Biblioteca - Archivi storici Angelo Mai</subfield>
            <subfield code="c">Bergamo</subfield>
            <subfield code="g">I-BGc</subfield>
         </datafield>
         <datafield tag="410" ind1="2" ind2=" ">
            <subfield code="a">Archivio di S. Maria Maggiore</subfield>
         </datafield>
         <datafield tag="622" ind1=" " ind2=" ">
            <subfield code="e">Civica Biblioteca - Archivi storici,  Angelo Mai, Piazza Vecchia, 15, 24129 Bergamo (BG), Italy</subfield>
            <subfield code="u">http://www.bibliotecamai.org/</subfield>
         </datafield>
      </record>