
      <record>
         <leader>00000nz  a2200169   4500</leader>
         <controlfield tag="001">30005920</controlfield>
         <controlfield tag="003">RISM</controlfield>
         <controlfield tag="005">20160216</controlfield>
         <controlfield tag="008">160216n||az|||||||##########||||||||||||</controlfield>
         <datafield tag="040" ind1=" " ind2=" ">
            <subfield code="a">I-BGDas</subfield>
         </datafield>
         <datafield tag="043" ind1=" " ind2=" ">
            <subfield code="c">XA-IT</subfield>
         </datafield>
         <datafield tag="110" ind1="2" ind2=" ">
            <subfield code="a">Archivio di Stato, Sezione di Bassano del Grappa</subfield>
            <subfield code="c">Bassano del Grappa</subfield>
            <subfield code="g">I-BGDas</subfield>
         </datafield>
         <datafield tag="622" ind1=" " ind2=" ">
            <subfield code="e">Archivio di Stato, Sezione di Bassano, del Grappa, Via Beata Giovanna 58, I-36061 Bassano, del Grappa (VI). Regione Veneto</subfield>
         </datafield>
      </record>