
      <record>
         <leader>00000nz  a2200169   4500</leader>
         <controlfield tag="001">30004642</controlfield>
         <controlfield tag="003">RISM</controlfield>
         <controlfield tag="005">20160216</controlfield>
         <controlfield tag="008">160216n||az|||||||##########||||||||||||</controlfield>
         <datafield tag="040" ind1=" " ind2=" ">
            <subfield code="a">I-BGm</subfield>
         </datafield>
         <datafield tag="043" ind1=" " ind2=" ">
            <subfield code="c">XA-IT</subfield>
         </datafield>
         <datafield tag="110" ind1="2" ind2=" ">
            <subfield code="a">Biblioteca del Museo donizettiano</subfield>
            <subfield code="c">Bergamo</subfield>
            <subfield code="g">I-BGm</subfield>
         </datafield>
         <datafield tag="622" ind1=" " ind2=" ">
            <subfield code="e">Biblioteca del Museo donizettiano, Via Arena, 9, 24129 Bergamo (BG), Italy</subfield>
         </datafield>
      </record>