
      <record>
         <leader>00000nz  a2200169   4500</leader>
         <controlfield tag="001">30004643</controlfield>
         <controlfield tag="003">RISM</controlfield>
         <controlfield tag="005">20160216</controlfield>
         <controlfield tag="008">160216n||az|||||||##########||||||||||||</controlfield>
         <datafield tag="040" ind1=" " ind2=" ">
            <subfield code="a">I-BGrt</subfield>
         </datafield>
         <datafield tag="043" ind1=" " ind2=" ">
            <subfield code="c">XA-IT</subfield>
         </datafield>
         <datafield tag="110" ind1="2" ind2=" ">
            <subfield code="a">Biblioteca Mons. G. M. Radini Tedeschi (Congregazione dei Preti del Sacro Cuore)</subfield>
            <subfield code="c">Bergamo</subfield>
            <subfield code="g">I-BGrt</subfield>
         </datafield>
         <datafield tag="410" ind1="2" ind2=" ">
            <subfield code="a">Biblioteca Mons. G. M. Radini Tedeschi (Preti del Sacro Cuore)</subfield>
         </datafield>
         <datafield tag="622" ind1=" " ind2=" ">
            <subfield code="e">Biblioteca Mons. G. M. Radini Tedeschi, (Congregazione dei Preti del Sacro, Cuore), Via Garibaldi 10, I-24100 Bergamo., Regione Lombardi</subfield>
         </datafield>
      </record>