
      <record>
         <leader>00000nz  a2200169   4500</leader>
         <controlfield tag="001">30005850</controlfield>
         <controlfield tag="003">RISM</controlfield>
         <controlfield tag="005">20160216</controlfield>
         <controlfield tag="008">160216n||az|||||||##########||||||||||||</controlfield>
         <datafield tag="040" ind1=" " ind2=" ">
            <subfield code="a">I-BGs</subfield>
         </datafield>
         <datafield tag="043" ind1=" " ind2=" ">
            <subfield code="c">XA-IT</subfield>
         </datafield>
         <datafield tag="110" ind1="2" ind2=" ">
            <subfield code="a">Seminario Vescovile Giovanni XXIII, Biblioteca</subfield>
            <subfield code="c">Bergamo</subfield>
            <subfield code="g">I-BGs</subfield>
         </datafield>
         <datafield tag="622" ind1=" " ind2=" ">
            <subfield code="e">Seminario Vescovile Giovanni XXIII,, Biblioteca, Via Arena 11, I-24129 Bergamo. Regione, Lombardia</subfield>
         </datafield>
      </record>