
      <record>
         <leader>00000nz  a2200169   4500</leader>
         <controlfield tag="001">30004644</controlfield>
         <controlfield tag="003">RISM</controlfield>
         <controlfield tag="005">20160216</controlfield>
         <controlfield tag="008">160216n||az|||||||##########||||||||||||</controlfield>
         <datafield tag="040" ind1=" " ind2=" ">
            <subfield code="a">I-BGsa</subfield>
         </datafield>
         <datafield tag="043" ind1=" " ind2=" ">
            <subfield code="c">XA-IT</subfield>
         </datafield>
         <datafield tag="110" ind1="2" ind2=" ">
            <subfield code="a">Biblioteca del Clero di S. Alessandro in Colonna</subfield>
            <subfield code="c">Bergamo</subfield>
            <subfield code="g">I-BGsa</subfield>
         </datafield>
         <datafield tag="622" ind1=" " ind2=" ">
            <subfield code="e">Biblioteca del Clero di S. Alessandro, in Colonna, Via Garibaldi 10, I-24100 Bergamo., Regione Lombardia</subfield>
         </datafield>
      </record>