
      <record>
         <leader>00000nz  a2200169   4500</leader>
         <controlfield tag="001">30004645</controlfield>
         <controlfield tag="003">RISM</controlfield>
         <controlfield tag="005">20160216</controlfield>
         <controlfield tag="008">160216n||az|||||||##########||||||||||||</controlfield>
         <datafield tag="040" ind1=" " ind2=" ">
            <subfield code="a">I-BGt</subfield>
         </datafield>
         <datafield tag="043" ind1=" " ind2=" ">
            <subfield code="c">XA-IT</subfield>
         </datafield>
         <datafield tag="110" ind1="2" ind2=" ">
            <subfield code="a">Teatro Donizetti, Biblioteca</subfield>
            <subfield code="c">Bergamo</subfield>
            <subfield code="g">I-BGt</subfield>
         </datafield>
         <datafield tag="622" ind1=" " ind2=" ">
            <subfield code="e">Teatro Donizetti, Biblioteca, Piazza Cavour 14, I-24100 Bergamo., Regione Lombardia</subfield>
         </datafield>
      </record>