
      <record>
         <leader>00000nz  a2200169   4500</leader>
         <controlfield tag="001">30003419</controlfield>
         <controlfield tag="003">RISM</controlfield>
         <controlfield tag="005">20160216</controlfield>
         <controlfield tag="008">160216n||az|||||||##########||||||||||||</controlfield>
         <datafield tag="040" ind1=" " ind2=" ">
            <subfield code="a">I-BI</subfield>
         </datafield>
         <datafield tag="043" ind1=" " ind2=" ">
            <subfield code="c">XA-IT</subfield>
         </datafield>
         <datafield tag="110" ind1="2" ind2=" ">
            <subfield code="a">Biblioteca Comunale E. Rogadeo (ex Vitale Giordano)</subfield>
            <subfield code="c">Bitonto</subfield>
            <subfield code="g">I-BI</subfield>
         </datafield>
         <datafield tag="410" ind1="2" ind2=" ">
            <subfield code="a">Biblioteca Comunale Vitale Giordano</subfield>
         </datafield>
         <datafield tag="622" ind1=" " ind2=" ">
            <subfield code="e">Biblioteca Comunale E. Rogadeo (ex, Vitale Giordano), Via G. D. Rogadeo 1, I-70032 Bitonto, (BA). Regione Puglia</subfield>
         </datafield>
      </record>