
      <record>
         <leader>00000nz  a2200169   4500</leader>
         <controlfield tag="001">30004646</controlfield>
         <controlfield tag="003">RISM</controlfield>
         <controlfield tag="005">20160216</controlfield>
         <controlfield tag="008">160216n||az|||||||##########||||||||||||</controlfield>
         <datafield tag="040" ind1=" " ind2=" ">
            <subfield code="a">I-BIad</subfield>
         </datafield>
         <datafield tag="043" ind1=" " ind2=" ">
            <subfield code="c">XA-IT</subfield>
         </datafield>
         <datafield tag="110" ind1="2" ind2=" ">
            <subfield code="a">Biblioteca Vescovile Mons. Aurelio Marena</subfield>
            <subfield code="c">Bitonto</subfield>
            <subfield code="g">I-BIad</subfield>
         </datafield>
         <datafield tag="410" ind1="2" ind2=" ">
            <subfield code="a">Seminario Vescovile Aurelio Marena</subfield>
         </datafield>
         <datafield tag="410" ind1="2" ind2=" ">
            <subfield code="a">Biblioteca Vescovile Aurelio Marena</subfield>
         </datafield>
         <datafield tag="622" ind1=" " ind2=" ">
            <subfield code="e">Biblioteca Vescovile Mons. Aurelio, Marena, Via F. Aporti 15, I-70032 Bitonto (BA)., Regione Puglia</subfield>
         </datafield>
      </record>