
      <record>
         <leader>00000nz  a2200169   4500</leader>
         <controlfield tag="001">30005851</controlfield>
         <controlfield tag="003">RISM</controlfield>
         <controlfield tag="005">20160216</controlfield>
         <controlfield tag="008">160216n||az|||||||##########||||||||||||</controlfield>
         <datafield tag="040" ind1=" " ind2=" ">
            <subfield code="a">I-BIam</subfield>
         </datafield>
         <datafield tag="043" ind1=" " ind2=" ">
            <subfield code="c">XA-IT</subfield>
         </datafield>
         <datafield tag="110" ind1="2" ind2=" ">
            <subfield code="a">Associazione Musicale T. Traetta</subfield>
            <subfield code="c">Bitonto</subfield>
            <subfield code="g">I-BIam</subfield>
         </datafield>
         <datafield tag="622" ind1=" " ind2=" ">
            <subfield code="e">Associazione Musicale T. Traetta, c/o Instituto di Assistenza Femminile, Maria Cristina di Savoia, Piazza Maria, Cristina di Savoia 18,</subfield>
         </datafield>
      </record>