
      <record>
         <leader>00000nz  a2200169   4500</leader>
         <controlfield tag="001">30004651</controlfield>
         <controlfield tag="003">RISM</controlfield>
         <controlfield tag="005">20160216</controlfield>
         <controlfield tag="008">160216n||az|||||||##########||||||||||||</controlfield>
         <datafield tag="040" ind1=" " ind2=" ">
            <subfield code="a">I-BISs</subfield>
         </datafield>
         <datafield tag="043" ind1=" " ind2=" ">
            <subfield code="c">XA-IT</subfield>
         </datafield>
         <datafield tag="110" ind1="2" ind2=" ">
            <subfield code="a">Seminario Arcivescovile Diocesano, Biblioteca</subfield>
            <subfield code="c">Bisceglie</subfield>
            <subfield code="g">I-BISs</subfield>
         </datafield>
         <datafield tag="410" ind1="2" ind2=" ">
            <subfield code="a">Seminario Arcivescovile Interdiocesano, Biblioteca</subfield>
         </datafield>
         <datafield tag="622" ind1=" " ind2=" ">
            <subfield code="e">Seminario Arcivescovile Diocesano,, Biblioteca, Via Seminario 8, I-70052 Bisceglie, (BA). Regione Puglia</subfield>
         </datafield>
      </record>