
      <record>
         <leader>00000nz  a2200169   4500</leader>
         <controlfield tag="001">30004648</controlfield>
         <controlfield tag="003">RISM</controlfield>
         <controlfield tag="005">20160216</controlfield>
         <controlfield tag="008">160216n||az|||||||##########||||||||||||</controlfield>
         <datafield tag="040" ind1=" " ind2=" ">
            <subfield code="a">I-BITbg</subfield>
         </datafield>
         <datafield tag="043" ind1=" " ind2=" ">
            <subfield code="c">XA-IT</subfield>
         </datafield>
         <datafield tag="110" ind1="2" ind2=" ">
            <subfield code="a">Convento Francescano del Beato Giacomo, Biblioteca</subfield>
            <subfield code="c">Bitetto</subfield>
            <subfield code="g">I-BITbg</subfield>
         </datafield>
         <datafield tag="622" ind1=" " ind2=" ">
            <subfield code="e">Convento Francescano del Beato Giacomo,, Biblioteca, Via Beato Giacomo 2, I-70020 Bitetto, (BA). Regione Puglia</subfield>
         </datafield>
      </record>