
      <record>
         <leader>00000nz  a2200169   4500</leader>
         <controlfield tag="001">30080476</controlfield>
         <controlfield tag="003">RISM</controlfield>
         <controlfield tag="005">20160216</controlfield>
         <controlfield tag="008">160216n||az|||||||##########||||||||||||</controlfield>
         <datafield tag="040" ind1=" " ind2=" ">
            <subfield code="a">I-Bmasetti</subfield>
         </datafield>
         <datafield tag="043" ind1=" " ind2=" ">
            <subfield code="c">XA-IT</subfield>
         </datafield>
         <datafield tag="110" ind1="2" ind2=" ">
            <subfield code="a">Biblioteca privata Gian Ludovico Masetti Zannini</subfield>
            <subfield code="c">Bologna</subfield>
            <subfield code="g">I-Bmasetti</subfield>
         </datafield>
         <datafield tag="622" ind1=" " ind2=" ">
            <subfield code="e">Biblioteca privata Gian Ludovico Masetti,  Zannini, Via Ca' Selvatica, 4/c, 40123 Bologna (BO), Italy</subfield>
            <subfield code="u">http://goo.gl/90cPTJ</subfield>
         </datafield>
      </record>