
      <record>
         <leader>00000nz  a2200169   4500</leader>
         <controlfield tag="001">30004654</controlfield>
         <controlfield tag="003">RISM</controlfield>
         <controlfield tag="005">20160216</controlfield>
         <controlfield tag="008">160216n||az|||||||##########||||||||||||</controlfield>
         <datafield tag="040" ind1=" " ind2=" ">
            <subfield code="a">I-Bmazenta</subfield>
         </datafield>
         <datafield tag="043" ind1=" " ind2=" ">
            <subfield code="c">XA-IT</subfield>
         </datafield>
         <datafield tag="110" ind1="2" ind2=" ">
            <subfield code="a">Biblioteca P. A. Mazenta (Collegio S. Luigi dei Padri Barnabiti)</subfield>
            <subfield code="c">Bologna</subfield>
            <subfield code="g">I-Bmazenta</subfield>
         </datafield>
         <datafield tag="410" ind1="2" ind2=" ">
            <subfield code="a">Biblioteca privata P. Mazenta</subfield>
         </datafield>
         <datafield tag="622" ind1=" " ind2=" ">
            <subfield code="e">Biblioteca P. A. Mazenta (Collegio S., Luigi dei Padri Barnabiti), Via D'Azeglio 55, I-40123 Bologna., Regione Emilia Romagna</subfield>
         </datafield>
      </record>