
      <record>
         <leader>00000nz  a2200169   4500</leader>
         <controlfield tag="001">30005064</controlfield>
         <controlfield tag="003">RISM</controlfield>
         <controlfield tag="005">20160216</controlfield>
         <controlfield tag="008">160216n||az|||||||##########||||||||||||</controlfield>
         <datafield tag="040" ind1=" " ind2=" ">
            <subfield code="a">I-Bmm</subfield>
         </datafield>
         <datafield tag="043" ind1=" " ind2=" ">
            <subfield code="c">XA-IT</subfield>
         </datafield>
         <datafield tag="110" ind1="2" ind2=" ">
            <subfield code="a">Civico Museo Medievale</subfield>
            <subfield code="c">Bologna</subfield>
            <subfield code="g">I-Bmm</subfield>
         </datafield>
         <datafield tag="622" ind1=" " ind2=" ">
            <subfield code="e">Civico Museo Medievale, Via Manzoni 4, I-40121 Bologna. Regione, Emilia Romagna</subfield>
         </datafield>
      </record>