
      <record>
         <leader>00000nz  a2200169   4500</leader>
         <controlfield tag="001">30005054</controlfield>
         <controlfield tag="003">RISM</controlfield>
         <controlfield tag="005">20160216</controlfield>
         <controlfield tag="008">160216n||az|||||||##########||||||||||||</controlfield>
         <datafield tag="040" ind1=" " ind2=" ">
            <subfield code="a">I-BOBsc</subfield>
         </datafield>
         <datafield tag="043" ind1=" " ind2=" ">
            <subfield code="c">XA-IT</subfield>
         </datafield>
         <datafield tag="110" ind1="2" ind2=" ">
            <subfield code="a">Monastero di San Colombano, Archivio Storico</subfield>
            <subfield code="c">Bobbio</subfield>
            <subfield code="g">I-BOBsc</subfield>
         </datafield>
         <datafield tag="622" ind1=" " ind2=" ">
            <subfield code="e">Monastero di San Colombano, Archivio, Storico, Piazza Duomo 5, I-29022 Bobbio (PC)., Regione Emilia Romagna</subfield>
         </datafield>
      </record>