
      <record>
         <leader>00000nz  a2200169   4500</leader>
         <controlfield tag="001">30001742</controlfield>
         <controlfield tag="003">RISM</controlfield>
         <controlfield tag="005">20160216</controlfield>
         <controlfield tag="008">160216n||az|||||||##########||||||||||||</controlfield>
         <datafield tag="040" ind1=" " ind2=" ">
            <subfield code="a">I-Bof</subfield>
         </datafield>
         <datafield tag="043" ind1=" " ind2=" ">
            <subfield code="c">XA-IT</subfield>
         </datafield>
         <datafield tag="110" ind1="2" ind2=" ">
            <subfield code="a">Congregazione dell'Oratorio (Padri Filippini), Biblioteca</subfield>
            <subfield code="c">Bologna</subfield>
            <subfield code="g">I-Bof</subfield>
         </datafield>
         <datafield tag="410" ind1="2" ind2=" ">
            <subfield code="a">Biblioteca dell'Oratorio dei Filippini</subfield>
         </datafield>
         <datafield tag="622" ind1=" " ind2=" ">
            <subfield code="e">Congregazione dell'Oratorio (Padri, Filippini), Biblioteca, Via Manzoni 5, 40121 Bologna, Italy</subfield>
            <subfield code="u">http://www.oratoriosanfilippo.org/bologna/</subfield>
         </datafield>
      </record>