
      <record>
         <leader>00000nz  a2200169   4500</leader>
         <controlfield tag="001">30005067</controlfield>
         <controlfield tag="003">RISM</controlfield>
         <controlfield tag="005">20160216</controlfield>
         <controlfield tag="008">160216n||az|||||||##########||||||||||||</controlfield>
         <datafield tag="040" ind1=" " ind2=" ">
            <subfield code="a">I-BORa</subfield>
         </datafield>
         <datafield tag="043" ind1=" " ind2=" ">
            <subfield code="c">XA-IT</subfield>
         </datafield>
         <datafield tag="110" ind1="2" ind2=" ">
            <subfield code="a">Biblioteca monestica die S. Pietro di Sorres</subfield>
            <subfield code="c">Borutta</subfield>
            <subfield code="g">I-BORa</subfield>
         </datafield>
         <datafield tag="410" ind1="2" ind2=" ">
            <subfield code="a">Biblioteca dell'Abbazia di S. Pietro di Sorres</subfield>
         </datafield>
         <datafield tag="410" ind1="2" ind2=" ">
            <subfield code="a">Biblioteca dell'Abbazia di S. Pietro in Torres</subfield>
         </datafield>
         <datafield tag="622" ind1=" " ind2=" ">
            <subfield code="e">Biblioteca monestica die S. Pietro di, Sorres, I-07040 Borutta (SS). Regione Sardena</subfield>
         </datafield>
      </record>