
      <record>
         <leader>00000nz  a2200169   4500</leader>
         <controlfield tag="001">30005853</controlfield>
         <controlfield tag="003">RISM</controlfield>
         <controlfield tag="005">20160216</controlfield>
         <controlfield tag="008">160216n||az|||||||##########||||||||||||</controlfield>
         <datafield tag="040" ind1=" " ind2=" ">
            <subfield code="a">I-BOs</subfield>
         </datafield>
         <datafield tag="043" ind1=" " ind2=" ">
            <subfield code="c">XA-IT</subfield>
         </datafield>
         <datafield tag="110" ind1="2" ind2=" ">
            <subfield code="a">Biblioteca dell'Instituto Diocesano di Musica Sacra G. M. Gogioso pesso il Seminario Vescovile Pio XI &lt;Bordighera&gt;</subfield>
            <subfield code="c">Bordighera</subfield>
            <subfield code="g">I-BOs</subfield>
         </datafield>
         <datafield tag="622" ind1=" " ind2=" ">
            <subfield code="e">Seminario Pio XI, Biblioteca, Via Aurelia 143, I-18012 Bordighera, (IM). Regione Liguria</subfield>
         </datafield>
      </record>