
      <record>
         <leader>00000nz  a2200169   4500</leader>
         <controlfield tag="001">30003413</controlfield>
         <controlfield tag="003">RISM</controlfield>
         <controlfield tag="005">20160216</controlfield>
         <controlfield tag="008">160216n||az|||||||##########||||||||||||</controlfield>
         <datafield tag="040" ind1=" " ind2=" ">
            <subfield code="a">I-Bpm</subfield>
         </datafield>
         <datafield tag="043" ind1=" " ind2=" ">
            <subfield code="c">XA-IT</subfield>
         </datafield>
         <datafield tag="110" ind1="2" ind2=" ">
            <subfield code="a">Università degli Studi di Bologna, Facoltà di Magistero, Cattedra di Storia della Musica, Biblioteca &lt;Bologna&gt;</subfield>
            <subfield code="c">Bologna</subfield>
            <subfield code="g">I-Bpm</subfield>
         </datafield>
         <datafield tag="410" ind1="2" ind2=" ">
            <subfield code="a">Facoltà di Magistero dell' Università degli Studi, Scuola di Perfezionamento in Music</subfield>
         </datafield>
         <datafield tag="622" ind1=" " ind2=" ">
            <subfield code="e">Università degli Studi di Bologna,, Facoltà di Magistero, Cattedra di, Storia della Musica, Biblioteca, Via Galliera 3, I-40100 Bologna., Regione Emilia Romagna</subfield>
            <subfield code="u">http://www.unibo.it</subfield>
         </datafield>
      </record>