
      <record>
         <leader>00000nz  a2200169   4500</leader>
         <controlfield tag="001">30003420</controlfield>
         <controlfield tag="003">RISM</controlfield>
         <controlfield tag="005">20160216</controlfield>
         <controlfield tag="008">160216n||az|||||||##########||||||||||||</controlfield>
         <datafield tag="040" ind1=" " ind2=" ">
            <subfield code="a">I-BRa</subfield>
         </datafield>
         <datafield tag="043" ind1=" " ind2=" ">
            <subfield code="c">XA-IT</subfield>
         </datafield>
         <datafield tag="110" ind1="2" ind2=" ">
            <subfield code="a">Ateneo di Scienze, Lettere ed Arti (ICNM), Biblioteca</subfield>
            <subfield code="c">Brescia</subfield>
            <subfield code="g">I-BRa</subfield>
         </datafield>
         <datafield tag="622" ind1=" " ind2=" ">
            <subfield code="e">Ateneo di Scienze, Lettere ed Arti, (ICNM), Biblioteca, Via Tosio 12, I-25125 Brescia. Regione, Lombardia</subfield>
         </datafield>
      </record>