
      <record>
         <leader>00000nz  a2200169   4500</leader>
         <controlfield tag="001">30000237</controlfield>
         <controlfield tag="003">RISM</controlfield>
         <controlfield tag="005">20160216</controlfield>
         <controlfield tag="008">160216n||az|||||||##########||||||||||||</controlfield>
         <datafield tag="040" ind1=" " ind2=" ">
            <subfield code="a">I-BRc</subfield>
         </datafield>
         <datafield tag="043" ind1=" " ind2=" ">
            <subfield code="c">XA-IT</subfield>
         </datafield>
         <datafield tag="110" ind1="2" ind2=" ">
            <subfield code="a">Biblioteca del Conservatorio di musica Luca Marenzio</subfield>
            <subfield code="c">Brescia</subfield>
            <subfield code="g">I-BRc</subfield>
         </datafield>
         <datafield tag="410" ind1="2" ind2=" ">
            <subfield code="a">Biblioteca dell'Istituto filarmonico Antonio Venturi</subfield>
         </datafield>
         <datafield tag="622" ind1=" " ind2=" ">
            <subfield code="e">Biblioteca del Conservatorio di musica,  Luca Marenzio, Piazza A. B. Michelangeli, 1, 25121 Brescia (BS), Italy</subfield>
            <subfield code="u">http://www.conservatorio.brescia.it/index.asp</subfield>
         </datafield>
      </record>