
      <record>
         <leader>00000nz  a2200169   4500</leader>
         <controlfield tag="001">30004565</controlfield>
         <controlfield tag="003">RISM</controlfield>
         <controlfield tag="005">20160216</controlfield>
         <controlfield tag="008">160216n||az|||||||##########||||||||||||</controlfield>
         <datafield tag="040" ind1=" " ind2=" ">
            <subfield code="a">I-BRE</subfield>
         </datafield>
         <datafield tag="043" ind1=" " ind2=" ">
            <subfield code="c">XA-IT</subfield>
         </datafield>
         <datafield tag="110" ind1="2" ind2=" ">
            <subfield code="a">Biblioteca del Seminario vescovile Vinzentinum</subfield>
            <subfield code="c">Bressanone</subfield>
            <subfield code="g">I-BRE</subfield>
         </datafield>
         <datafield tag="410" ind1="2" ind2=" ">
            <subfield code="a">Studienbibliothek des Bischöflichen Seminars Vinzentinum</subfield>
         </datafield>
         <datafield tag="622" ind1=" " ind2=" ">
            <subfield code="e">Biblioteca del Seminario vescovile, Vinzentinum, Via Brennero, 37, 39042 Bressanone (BZ), Italy</subfield>
            <subfield code="u">http://www.vinzentinum.it/</subfield>
         </datafield>
      </record>