
      <record>
         <leader>00000nz  a2200169   4500</leader>
         <controlfield tag="001">30070406</controlfield>
         <controlfield tag="003">RISM</controlfield>
         <controlfield tag="005">20160216</controlfield>
         <controlfield tag="008">160216n||az|||||||##########||||||||||||</controlfield>
         <datafield tag="040" ind1=" " ind2=" ">
            <subfield code="a">I-BREm</subfield>
         </datafield>
         <datafield tag="043" ind1=" " ind2=" ">
            <subfield code="c">XA-IT</subfield>
         </datafield>
         <datafield tag="110" ind1="2" ind2=" ">
            <subfield code="a">Archivio della Parrocchia San Michele</subfield>
            <subfield code="c">Bressanone</subfield>
            <subfield code="g">I-BREm</subfield>
         </datafield>
         <datafield tag="410" ind1="2" ind2=" ">
            <subfield code="a">Archiv der Pfarrkirche St. Michael</subfield>
         </datafield>
         <datafield tag="622" ind1=" " ind2=" ">
            <subfield code="e">Archivio della Parrocchia San Michele, Piazza Duomo, 12, 39042 Bressanone (BZ), Italy</subfield>
            <subfield code="u">http://www.pfarrei-brixen.it</subfield>
         </datafield>
      </record>