
      <record>
         <leader>00000nz  a2200169   4500</leader>
         <controlfield tag="001">30005073</controlfield>
         <controlfield tag="003">RISM</controlfield>
         <controlfield tag="005">20160216</controlfield>
         <controlfield tag="008">160216n||az|||||||##########||||||||||||</controlfield>
         <datafield tag="040" ind1=" " ind2=" ">
            <subfield code="a">I-BREmd</subfield>
         </datafield>
         <datafield tag="043" ind1=" " ind2=" ">
            <subfield code="c">XA-IT</subfield>
         </datafield>
         <datafield tag="110" ind1="2" ind2=" ">
            <subfield code="a">Museo diocesano</subfield>
            <subfield code="c">Bressanone</subfield>
            <subfield code="g">I-BREmd</subfield>
         </datafield>
         <datafield tag="410" ind1="2" ind2=" ">
            <subfield code="a">Diözesanmuseum</subfield>
         </datafield>
         <datafield tag="622" ind1=" " ind2=" ">
            <subfield code="e">Museo diocesano, Piazza Palazzo Vescovile, 2, 39042 Bressanone (BZ), Italy</subfield>
            <subfield code="u">http://www.hofburg.it/it/il-museo/le-collezioni/</subfield>
         </datafield>
      </record>