
      <record>
         <leader>00000nz  a2200169   4500</leader>
         <controlfield tag="001">30005072</controlfield>
         <controlfield tag="003">RISM</controlfield>
         <controlfield tag="005">20160216</controlfield>
         <controlfield tag="008">160216n||az|||||||##########||||||||||||</controlfield>
         <datafield tag="040" ind1=" " ind2=" ">
            <subfield code="a">I-BREpv</subfield>
         </datafield>
         <datafield tag="043" ind1=" " ind2=" ">
            <subfield code="c">XA-IT</subfield>
         </datafield>
         <datafield tag="110" ind1="2" ind2=" ">
            <subfield code="a">Archivio principesco vescovile</subfield>
            <subfield code="c">Bressanone</subfield>
            <subfield code="g">I-BREpv</subfield>
         </datafield>
         <datafield tag="410" ind1="2" ind2=" ">
            <subfield code="a">Archiv des Fürstbischofs</subfield>
         </datafield>
         <datafield tag="622" ind1=" " ind2=" ">
            <subfield code="e">Archivio principesco vescovile, Piazza Palazzo Vescovile, 2, 39042 Bressanone (BZ), Italy</subfield>
         </datafield>
      </record>