
      <record>
         <leader>00000nz  a2200169   4500</leader>
         <controlfield tag="001">30001754</controlfield>
         <controlfield tag="003">RISM</controlfield>
         <controlfield tag="005">20160216</controlfield>
         <controlfield tag="008">160216n||az|||||||##########||||||||||||</controlfield>
         <datafield tag="040" ind1=" " ind2=" ">
            <subfield code="a">I-BREs</subfield>
         </datafield>
         <datafield tag="043" ind1=" " ind2=" ">
            <subfield code="c">XA-IT</subfield>
         </datafield>
         <datafield tag="110" ind1="2" ind2=" ">
            <subfield code="a">Biblioteca del Seminario maggiore</subfield>
            <subfield code="c">Bressanone</subfield>
            <subfield code="g">I-BREs</subfield>
         </datafield>
         <datafield tag="410" ind1="2" ind2=" ">
            <subfield code="a">Bibliothek des Priesterseminars</subfield>
         </datafield>
         <datafield tag="622" ind1=" " ind2=" ">
            <subfield code="e">Biblioteca del Seminario maggiore, Piazza Seminario, 4, 39042 Bressanone (BZ), Italy</subfield>
            <subfield code="u">http://www.priesterseminar.it/</subfield>
         </datafield>
      </record>