
      <record>
         <leader>00000nz  a2200169   4500</leader>
         <controlfield tag="001">30003424</controlfield>
         <controlfield tag="003">RISM</controlfield>
         <controlfield tag="005">20160216</controlfield>
         <controlfield tag="008">160216n||az|||||||##########||||||||||||</controlfield>
         <datafield tag="040" ind1=" " ind2=" ">
            <subfield code="a">I-BRI</subfield>
         </datafield>
         <datafield tag="043" ind1=" " ind2=" ">
            <subfield code="c">XA-IT</subfield>
         </datafield>
         <datafield tag="110" ind1="2" ind2=" ">
            <subfield code="a">Biblioteca Arcivescovile Annibale De Leo</subfield>
            <subfield code="c">Brindisi</subfield>
            <subfield code="g">I-BRI</subfield>
         </datafield>
         <datafield tag="622" ind1=" " ind2=" ">
            <subfield code="e">Biblioteca Arcivescovile Annibale De Leo, Piazza Duomo 10/11, I-72100 Brindisi., Regione Puglia</subfield>
         </datafield>
      </record>