
      <record>
         <leader>00000nz  a2200169   4500</leader>
         <controlfield tag="001">30004634</controlfield>
         <controlfield tag="003">RISM</controlfield>
         <controlfield tag="005">20160216</controlfield>
         <controlfield tag="008">160216n||az|||||||##########||||||||||||</controlfield>
         <datafield tag="040" ind1=" " ind2=" ">
            <subfield code="a">I-BRNf</subfield>
         </datafield>
         <datafield tag="043" ind1=" " ind2=" ">
            <subfield code="c">XA-IT</subfield>
         </datafield>
         <datafield tag="110" ind1="2" ind2=" ">
            <subfield code="a">Biblioteca Francescana SS. Trinità (Convento SS. Trinità)</subfield>
            <subfield code="c">Baronissi</subfield>
            <subfield code="g">I-BRNf</subfield>
         </datafield>
         <datafield tag="622" ind1=" " ind2=" ">
            <subfield code="e">Biblioteca Francescana SS. Trinità, (Convento SS. Trinità), Via Convento SS: Trinità 1, I-84081, Baronissi (SA). Regione Campania</subfield>
         </datafield>
      </record>