
      <record>
         <leader>00000nz  a2200169   4500</leader>
         <controlfield tag="001">30003066</controlfield>
         <controlfield tag="003">RISM</controlfield>
         <controlfield tag="005">20160216</controlfield>
         <controlfield tag="008">160216n||az|||||||##########||||||||||||</controlfield>
         <datafield tag="040" ind1=" " ind2=" ">
            <subfield code="a">I-BRp</subfield>
         </datafield>
         <datafield tag="043" ind1=" " ind2=" ">
            <subfield code="c">XA-IT</subfield>
         </datafield>
         <datafield tag="110" ind1="2" ind2=" ">
            <subfield code="a">Biblioteca dell'Oratorio di S. Filippo Neri</subfield>
            <subfield code="c">Brescia</subfield>
            <subfield code="g">I-BRp</subfield>
         </datafield>
         <datafield tag="410" ind1="2" ind2=" ">
            <subfield code="a">Archivio della Chiesa di S. Maria della Pace</subfield>
         </datafield>
         <datafield tag="410" ind1="2" ind2=" ">
            <subfield code="a">Biblioteca della Casa della Pace dei padri Filippini</subfield>
         </datafield>
         <datafield tag="622" ind1=" " ind2=" ">
            <subfield code="e">Biblioteca dell'Oratorio di S. Filippo,  Neri, Via della Pace, 10, 25122 Brescia (BS), Italy</subfield>
         </datafield>
      </record>