
      <record>
         <leader>00000nz  a2200169   4500</leader>
         <controlfield tag="001">30005071</controlfield>
         <controlfield tag="003">RISM</controlfield>
         <controlfield tag="005">20160216</controlfield>
         <controlfield tag="008">160216n||az|||||||##########||||||||||||</controlfield>
         <datafield tag="040" ind1=" " ind2=" ">
            <subfield code="a">I-BRpm</subfield>
         </datafield>
         <datafield tag="043" ind1=" " ind2=" ">
            <subfield code="c">XA-IT</subfield>
         </datafield>
         <datafield tag="110" ind1="2" ind2=" ">
            <subfield code="a">Pinacoteca Tosio Martinengo</subfield>
            <subfield code="c">Brescia</subfield>
            <subfield code="g">I-BRpm</subfield>
         </datafield>
         <datafield tag="410" ind1="2" ind2=" ">
            <subfield code="a">Pinacoteca Tosio Martinenghi</subfield>
         </datafield>
         <datafield tag="622" ind1=" " ind2=" ">
            <subfield code="e">Pinacoteca Tosio Martinengo, Via Martinengo da Barco, I-25100, Brescia. Regione Lombardia</subfield>
         </datafield>
      </record>