
      <record>
         <leader>00000nz  a2200169   4500</leader>
         <controlfield tag="001">30001753</controlfield>
         <controlfield tag="003">RISM</controlfield>
         <controlfield tag="005">20160216</controlfield>
         <controlfield tag="008">160216n||az|||||||##########||||||||||||</controlfield>
         <datafield tag="040" ind1=" " ind2=" ">
            <subfield code="a">I-BRs</subfield>
         </datafield>
         <datafield tag="043" ind1=" " ind2=" ">
            <subfield code="c">XA-IT</subfield>
         </datafield>
         <datafield tag="110" ind1="2" ind2=" ">
            <subfield code="a">Biblioteca diocesana</subfield>
            <subfield code="c">Brescia</subfield>
            <subfield code="g">I-BRs</subfield>
         </datafield>
         <datafield tag="410" ind1="2" ind2=" ">
            <subfield code="a">Biblioteca del Seminario vescovile diocesano</subfield>
         </datafield>
         <datafield tag="622" ind1=" " ind2=" ">
            <subfield code="e">Biblioteca diocesana, Via Domenico Bollani, 20, 25123 Brescia (BS), Italy</subfield>
            <subfield code="u">http://www.diocesi.brescia.it/biblioteca/index.php</subfield>
         </datafield>
      </record>