
      <record>
         <leader>00000nz  a2200169   4500</leader>
         <controlfield tag="001">30003421</controlfield>
         <controlfield tag="003">RISM</controlfield>
         <controlfield tag="005">20160216</controlfield>
         <controlfield tag="008">160216n||az|||||||##########||||||||||||</controlfield>
         <datafield tag="040" ind1=" " ind2=" ">
            <subfield code="a">I-BRsg</subfield>
         </datafield>
         <datafield tag="043" ind1=" " ind2=" ">
            <subfield code="c">XA-IT</subfield>
         </datafield>
         <datafield tag="110" ind1="2" ind2=" ">
            <subfield code="a">S. Giovanni Evangelista (Cappella del SS. Sacramento), Archivio</subfield>
            <subfield code="c">Brescia</subfield>
            <subfield code="g">I-BRsg</subfield>
         </datafield>
         <datafield tag="410" ind1="2" ind2=" ">
            <subfield code="a">Cappella del Ss Sacramento</subfield>
         </datafield>
         <datafield tag="410" ind1="2" ind2=" ">
            <subfield code="a">S. Giovanni Evangelista</subfield>
         </datafield>
         <datafield tag="622" ind1=" " ind2=" ">
            <subfield code="e">S. Giovanni Evangelista (Cappella del, SS. Sacramento), Archivio, Contrada S. Giovanni, I-25100 Brescia., Regione Lombardia</subfield>
         </datafield>
      </record>