
      <record>
         <leader>00000nz  a2200169   4500</leader>
         <controlfield tag="001">30003422</controlfield>
         <controlfield tag="003">RISM</controlfield>
         <controlfield tag="005">20160216</controlfield>
         <controlfield tag="008">160216n||az|||||||##########||||||||||||</controlfield>
         <datafield tag="040" ind1=" " ind2=" ">
            <subfield code="a">I-BRsmg</subfield>
         </datafield>
         <datafield tag="043" ind1=" " ind2=" ">
            <subfield code="c">XA-IT</subfield>
         </datafield>
         <datafield tag="110" ind1="2" ind2=" ">
            <subfield code="a">Chiesa della Madonna delle Grazie (S. Maria), Archivio</subfield>
            <subfield code="c">Brescia</subfield>
            <subfield code="g">I-BRsmg</subfield>
         </datafield>
         <datafield tag="410" ind1="2" ind2=" ">
            <subfield code="a">Santa Maria delle Grazie (Chiesa)</subfield>
         </datafield>
         <datafield tag="410" ind1="2" ind2=" ">
            <subfield code="a">Madonna delle Grazie</subfield>
         </datafield>
         <datafield tag="622" ind1=" " ind2=" ">
            <subfield code="e">Chiesa della Madonna delle Grazie (S., Maria), Archivio, Via delle Grazie, I-25100 Brescia., Regione Lombardia</subfield>
         </datafield>
      </record>