
      <record>
         <leader>00000nz  a2200169   4500</leader>
         <controlfield tag="001">30003414</controlfield>
         <controlfield tag="003">RISM</controlfield>
         <controlfield tag="005">20160216</controlfield>
         <controlfield tag="008">160216n||az|||||||##########||||||||||||</controlfield>
         <datafield tag="040" ind1=" " ind2=" ">
            <subfield code="a">I-Bsd</subfield>
         </datafield>
         <datafield tag="043" ind1=" " ind2=" ">
            <subfield code="c">XA-IT</subfield>
         </datafield>
         <datafield tag="110" ind1="2" ind2=" ">
            <subfield code="a">Biblioteca Patriarcale di S. Domenico</subfield>
            <subfield code="c">Bologna</subfield>
            <subfield code="g">I-Bsd</subfield>
         </datafield>
         <datafield tag="410" ind1="2" ind2=" ">
            <subfield code="a">Biblioteca Patriarcale</subfield>
         </datafield>
         <datafield tag="410" ind1="2" ind2=" ">
            <subfield code="a">Convento di S. Domenico (Patriarcale), Biblioteca</subfield>
         </datafield>
         <datafield tag="622" ind1=" " ind2=" ">
            <subfield code="e">Biblioteca Patriarcale di S. Domenico, Piazza San Domenico 13, I-40124, Bologna. Regione Emilia Romagna</subfield>
         </datafield>
      </record>