
      <record>
         <leader>00000nz  a2200169   4500</leader>
         <controlfield tag="001">30001743</controlfield>
         <controlfield tag="003">RISM</controlfield>
         <controlfield tag="005">20160216</controlfield>
         <controlfield tag="008">160216n||az|||||||##########||||||||||||</controlfield>
         <datafield tag="040" ind1=" " ind2=" ">
            <subfield code="a">I-Bsf</subfield>
         </datafield>
         <datafield tag="043" ind1=" " ind2=" ">
            <subfield code="c">XA-IT</subfield>
         </datafield>
         <datafield tag="110" ind1="2" ind2=" ">
            <subfield code="a">Biblioteca di S. Francesco</subfield>
            <subfield code="c">Bologna</subfield>
            <subfield code="g">I-Bsf</subfield>
         </datafield>
         <datafield tag="410" ind1="2" ind2=" ">
            <subfield code="a">Biblioteca della Basilica di S. Francesco</subfield>
         </datafield>
         <datafield tag="622" ind1=" " ind2=" ">
            <subfield code="e">Biblioteca di S. Francesco, Piazza Malpighi, 9, 40123 Bologna (BO), Italy</subfield>
            <subfield code="u">http://www.sanfrancescobologna.org/</subfield>
         </datafield>
      </record>