
      <record>
         <leader>00000nz  a2200169   4500</leader>
         <controlfield tag="001">30001744</controlfield>
         <controlfield tag="003">RISM</controlfield>
         <controlfield tag="005">20160216</controlfield>
         <controlfield tag="008">160216n||az|||||||##########||||||||||||</controlfield>
         <datafield tag="040" ind1=" " ind2=" ">
            <subfield code="a">I-Bsm</subfield>
         </datafield>
         <datafield tag="043" ind1=" " ind2=" ">
            <subfield code="c">XA-IT</subfield>
         </datafield>
         <datafield tag="110" ind1="2" ind2=" ">
            <subfield code="a">Biblioteca del Convento di Santa Maria dei Servi e della Cappella Musicale Arcivescovile</subfield>
            <subfield code="c">Bologna</subfield>
            <subfield code="g">I-Bsm</subfield>
         </datafield>
         <datafield tag="410" ind1="2" ind2=" ">
            <subfield code="a">Biblioteca conventuale S Maria dei Servi</subfield>
         </datafield>
         <datafield tag="410" ind1="2" ind2=" ">
            <subfield code="a">Santa Maria dei Servi, Biblioteca Conventuale &amp; Biblioteca della Cappella Musicale Arcivesc</subfield>
         </datafield>
         <datafield tag="622" ind1=" " ind2=" ">
            <subfield code="e">Biblioteca del Convento di Santa Maria, dei Servi e della Cappella Musicale, Arcivescovile, Via Bersaglieri 1, I-40125 Bologna., Regione Emilia Romagna</subfield>
         </datafield>
      </record>