
      <record>
         <leader>00000nz  a2200169   4500</leader>
         <controlfield tag="001">30005066</controlfield>
         <controlfield tag="003">RISM</controlfield>
         <controlfield tag="005">20160216</controlfield>
         <controlfield tag="008">160216n||az|||||||##########||||||||||||</controlfield>
         <datafield tag="040" ind1=" " ind2=" ">
            <subfield code="a">I-BSPsf</subfield>
         </datafield>
         <datafield tag="043" ind1=" " ind2=" ">
            <subfield code="c">XA-IT</subfield>
         </datafield>
         <datafield tag="110" ind1="2" ind2=" ">
            <subfield code="a">Archivio del Monastero S. Filippa Mareri</subfield>
            <subfield code="c">Borgo San Pietro</subfield>
            <subfield code="g">I-BSPsf</subfield>
         </datafield>
         <datafield tag="622" ind1=" " ind2=" ">
            <subfield code="e">Archivio del Monastero S. Filippa Mareri, 02025 Borgo San Pietro di Petrella,  Salto (RI), Italy</subfield>
         </datafield>
      </record>