
      <record>
         <leader>00000nz  a2200169   4500</leader>
         <controlfield tag="001">30005058</controlfield>
         <controlfield tag="003">RISM</controlfield>
         <controlfield tag="005">20160216</controlfield>
         <controlfield tag="008">160216n||az|||||||##########||||||||||||</controlfield>
         <datafield tag="040" ind1=" " ind2=" ">
            <subfield code="a">I-Bt</subfield>
         </datafield>
         <datafield tag="043" ind1=" " ind2=" ">
            <subfield code="c">XA-IT</subfield>
         </datafield>
         <datafield tag="110" ind1="2" ind2=" ">
            <subfield code="a">Teatro Comunale di Bologna, Archivio Musicale</subfield>
            <subfield code="c">Bologna</subfield>
            <subfield code="g">I-Bt</subfield>
         </datafield>
         <datafield tag="622" ind1=" " ind2=" ">
            <subfield code="e">Teatro Comunale di Bologna, Archivio, Musicale, Largo Respighi 1, I-40126 Bologna., Regione Emilia Romagna</subfield>
         </datafield>
      </record>