
      <record>
         <leader>00000nz  a2200169   4500</leader>
         <controlfield tag="001">30001745</controlfield>
         <controlfield tag="003">RISM</controlfield>
         <controlfield tag="005">20160216</controlfield>
         <controlfield tag="008">160216n||az|||||||##########||||||||||||</controlfield>
         <datafield tag="040" ind1=" " ind2=" ">
            <subfield code="a">I-Bu</subfield>
         </datafield>
         <datafield tag="043" ind1=" " ind2=" ">
            <subfield code="c">XA-IT</subfield>
         </datafield>
         <datafield tag="110" ind1="2" ind2=" ">
            <subfield code="a">Biblioteca Universitaria</subfield>
            <subfield code="c">Bologna</subfield>
            <subfield code="g">I-Bu</subfield>
         </datafield>
         <datafield tag="622" ind1=" " ind2=" ">
            <subfield code="e">Biblioteca Universitaria, Via Zamboni, 35, 40126 Bologna (BO), Italy</subfield>
            <subfield code="u">http://www.bub.unibo.it/it-it/biblioteca-universitaria-di-bologna.aspx?idC=61676&amp;LN=it-IT</subfield>
         </datafield>
      </record>