
      <record>
         <leader>00000nz  a2200169   4500</leader>
         <controlfield tag="001">30080230</controlfield>
         <controlfield tag="003">RISM</controlfield>
         <controlfield tag="005">20160216</controlfield>
         <controlfield tag="008">160216n||az|||||||##########||||||||||||</controlfield>
         <datafield tag="040" ind1=" " ind2=" ">
            <subfield code="a">I-BUas</subfield>
         </datafield>
         <datafield tag="043" ind1=" " ind2=" ">
            <subfield code="c">XA-IT</subfield>
         </datafield>
         <datafield tag="110" ind1="2" ind2=" ">
            <subfield code="a">Archivio storico del Comune di Busseto</subfield>
            <subfield code="c">Busseto</subfield>
            <subfield code="g">I-BUas</subfield>
         </datafield>
         <datafield tag="622" ind1=" " ind2=" ">
            <subfield code="e">Archivio storico del Comune di Busseto, P.za Verdi 10 - 1° piano, 43011 Busseto (PR), Italy</subfield>
            <subfield code="u">http://goo.gl/ebSze1</subfield>
         </datafield>
      </record>