
      <record>
         <leader>00000nz  a2200169   4500</leader>
         <controlfield tag="001">30004665</controlfield>
         <controlfield tag="003">RISM</controlfield>
         <controlfield tag="005">20160216</controlfield>
         <controlfield tag="008">160216n||az|||||||##########||||||||||||</controlfield>
         <datafield tag="040" ind1=" " ind2=" ">
            <subfield code="a">I-BUAsg</subfield>
         </datafield>
         <datafield tag="043" ind1=" " ind2=" ">
            <subfield code="c">XA-IT</subfield>
         </datafield>
         <datafield tag="110" ind1="2" ind2=" ">
            <subfield code="a">Basilica di San Giovanni Battista, Biblioteca Capitolare</subfield>
            <subfield code="c">Busto Arsizio</subfield>
            <subfield code="g">I-BUAsg</subfield>
         </datafield>
         <datafield tag="622" ind1=" " ind2=" ">
            <subfield code="e">Basilica di San Giovanni Battista,, Biblioteca Capitolare, Piazza S. Giovanni, I-21052 Busto, Arsizio (VA). Regione Lombardia</subfield>
         </datafield>
      </record>