
      <record>
         <leader>00000nz  a2200169   4500</leader>
         <controlfield tag="001">30005077</controlfield>
         <controlfield tag="003">RISM</controlfield>
         <controlfield tag="005">20160216</controlfield>
         <controlfield tag="008">160216n||az|||||||##########||||||||||||</controlfield>
         <datafield tag="040" ind1=" " ind2=" ">
            <subfield code="a">I-BUbna</subfield>
         </datafield>
         <datafield tag="043" ind1=" " ind2=" ">
            <subfield code="c">XA-IT</subfield>
         </datafield>
         <datafield tag="110" ind1="2" ind2=" ">
            <subfield code="a">Cassa di Risparmio e Monte di Credito su Pegno, Biblioteca, Fondo Musicale</subfield>
            <subfield code="c">Busseto</subfield>
            <subfield code="g">I-BUbna</subfield>
         </datafield>
         <datafield tag="410" ind1="2" ind2=" ">
            <subfield code="a">Biblioteca della Banca Nazionale dell'Agricoltura, Fondo Musicale</subfield>
         </datafield>
         <datafield tag="622" ind1=" " ind2=" ">
            <subfield code="e">Cassa di Risparmio e Monte di Credito, su Pegno, Biblioteca, Fondo Musicale, Piazza G. Verdi, I-43011 Busseto (PR)., Regione Emilia Romagna</subfield>
         </datafield>
      </record>