
      <record>
         <leader>00000nz  a2200169   4500</leader>
         <controlfield tag="001">30077733</controlfield>
         <controlfield tag="003">RISM</controlfield>
         <controlfield tag="005">20160216</controlfield>
         <controlfield tag="008">160216n||az|||||||##########||||||||||||</controlfield>
         <datafield tag="040" ind1=" " ind2=" ">
            <subfield code="a">I-BUmngv</subfield>
         </datafield>
         <datafield tag="043" ind1=" " ind2=" ">
            <subfield code="c">IT</subfield>
         </datafield>
         <datafield tag="110" ind1="2" ind2=" ">
            <subfield code="a">Museo Nazionale Giuseppe Verdi (Villa Pallavicino)</subfield>
            <subfield code="c">Busseto</subfield>
            <subfield code="g">I-BUmngv</subfield>
         </datafield>
         <datafield tag="622" ind1=" " ind2=" ">
            <subfield code="e">Museo Nazionale Giuseppe Verdi (Villa,  Pallavicino), via Provesi, 35, 43011 Busseto, Italy</subfield>
         </datafield>
      </record>