
      <record>
         <leader>00000nz  a2200169   4500</leader>
         <controlfield tag="001">30005076</controlfield>
         <controlfield tag="003">RISM</controlfield>
         <controlfield tag="005">20160216</controlfield>
         <controlfield tag="008">160216n||az|||||||##########||||||||||||</controlfield>
         <datafield tag="040" ind1=" " ind2=" ">
            <subfield code="a">I-BUsma</subfield>
         </datafield>
         <datafield tag="043" ind1=" " ind2=" ">
            <subfield code="c">XA-IT</subfield>
         </datafield>
         <datafield tag="110" ind1="2" ind2=" ">
            <subfield code="a">Convento di S. Maria degli Angeli, Archivio</subfield>
            <subfield code="c">Busseto</subfield>
            <subfield code="g">I-BUsma</subfield>
         </datafield>
         <datafield tag="622" ind1=" " ind2=" ">
            <subfield code="e">Convento di S. Maria degli Angeli,, Archivio, Via Provesi 39, I-43011 Busseto (PR)., Regione Emilia Romagna</subfield>
         </datafield>
      </record>