
      <record>
         <leader>00000nz  a2200169   4500</leader>
         <controlfield tag="001">30003067</controlfield>
         <controlfield tag="003">RISM</controlfield>
         <controlfield tag="005">20160216</controlfield>
         <controlfield tag="008">160216n||az|||||||##########||||||||||||</controlfield>
         <datafield tag="040" ind1=" " ind2=" ">
            <subfield code="a">I-BV</subfield>
         </datafield>
         <datafield tag="043" ind1=" " ind2=" ">
            <subfield code="c">XA-IT</subfield>
         </datafield>
         <datafield tag="110" ind1="2" ind2=" ">
            <subfield code="a">Biblioteca capitolare</subfield>
            <subfield code="c">Benevento</subfield>
            <subfield code="g">I-BV</subfield>
         </datafield>
         <datafield tag="622" ind1=" " ind2=" ">
            <subfield code="e">Biblioteca capitolare, Piazza Orsini, 27, 82100 Benevento (BN), Italy</subfield>
            <subfield code="u">http://www.diocesidibenevento.it/pagina.php?codice=215</subfield>
         </datafield>
      </record>