
      <record>
         <leader>00000nz  a2200169   4500</leader>
         <controlfield tag="001">30080473</controlfield>
         <controlfield tag="003">RISM</controlfield>
         <controlfield tag="005">20160216</controlfield>
         <controlfield tag="008">160216n||az|||||||##########||||||||||||</controlfield>
         <datafield tag="040" ind1=" " ind2=" ">
            <subfield code="a">I-BVAG</subfield>
         </datafield>
         <datafield tag="043" ind1=" " ind2=" ">
            <subfield code="c">XA-IT</subfield>
         </datafield>
         <datafield tag="110" ind1="2" ind2=" ">
            <subfield code="a">Biblioteca civica e storica</subfield>
            <subfield code="c">Bene Vagienna</subfield>
            <subfield code="g">I-BVAG</subfield>
         </datafield>
         <datafield tag="410" ind1="2" ind2=" ">
            <subfield code="a">con Archivio del Convento di S. Francesco di Bene Vagienna</subfield>
         </datafield>
         <datafield tag="622" ind1=" " ind2=" ">
            <subfield code="e">Biblioteca civica e storica, Via XX Settembre, 58, 12041 Bene Vagienna (CN), Italy</subfield>
            <subfield code="u">http://www.bibliotecafossano.it/biblioteca/sistema/sistemabib-bene.html</subfield>
         </datafield>
      </record>