
      <record>
         <leader>00000nz  a2200169   4500</leader>
         <controlfield tag="001">30003426</controlfield>
         <controlfield tag="003">RISM</controlfield>
         <controlfield tag="005">20160216</controlfield>
         <controlfield tag="008">160216n||az|||||||##########||||||||||||</controlfield>
         <datafield tag="040" ind1=" " ind2=" ">
            <subfield code="a">I-BVam</subfield>
         </datafield>
         <datafield tag="043" ind1=" " ind2=" ">
            <subfield code="c">XA-IT</subfield>
         </datafield>
         <datafield tag="110" ind1="2" ind2=" ">
            <subfield code="a">Biblioteca Provinciale Antonio Mellusi</subfield>
            <subfield code="c">Benevento</subfield>
            <subfield code="g">I-BVam</subfield>
         </datafield>
         <datafield tag="410" ind1="2" ind2=" ">
            <subfield code="a">Biblioteca Provinciale</subfield>
         </datafield>
         <datafield tag="410" ind1="2" ind2=" ">
            <subfield code="a">Biblioteca e Archivio Storico Provinciale Antonio Mellusi</subfield>
         </datafield>
         <datafield tag="622" ind1=" " ind2=" ">
            <subfield code="e">Biblioteca Provinciale Antonio Mellusi, Palazzo Terragnoli, Corso Garibaldi 47,, I-82100 Benevento. Regione Campania</subfield>
         </datafield>
      </record>