
      <record>
         <leader>00000nz  a2200169   4500</leader>
         <controlfield tag="001">30005044</controlfield>
         <controlfield tag="003">RISM</controlfield>
         <controlfield tag="005">20160216</controlfield>
         <controlfield tag="008">160216n||az|||||||##########||||||||||||</controlfield>
         <datafield tag="040" ind1=" " ind2=" ">
            <subfield code="a">I-BVc</subfield>
         </datafield>
         <datafield tag="043" ind1=" " ind2=" ">
            <subfield code="c">XA-IT</subfield>
         </datafield>
         <datafield tag="110" ind1="2" ind2=" ">
            <subfield code="a">Conservatorio di Musica (ex Collegio Lasalle), Biblioteca</subfield>
            <subfield code="c">Benevento</subfield>
            <subfield code="g">I-BVc</subfield>
         </datafield>
         <datafield tag="410" ind1="2" ind2=" ">
            <subfield code="a">Conservatorio Statale di Musica (ex Collegio Lasalle), Biblioteca</subfield>
         </datafield>
         <datafield tag="622" ind1=" " ind2=" ">
            <subfield code="e">Conservatorio di Musica (ex Collegio, Lasalle), Biblioteca, Via La Vipera, I-82100 Benevento., Regione Campania</subfield>
         </datafield>
      </record>