
      <record>
         <leader>00000nz  a2200169   4500</leader>
         <controlfield tag="001">30001755</controlfield>
         <controlfield tag="003">RISM</controlfield>
         <controlfield tag="005">20160216</controlfield>
         <controlfield tag="008">160216n||az|||||||##########||||||||||||</controlfield>
         <datafield tag="040" ind1=" " ind2=" ">
            <subfield code="a">I-BZc</subfield>
         </datafield>
         <datafield tag="043" ind1=" " ind2=" ">
            <subfield code="c">XA-IT</subfield>
         </datafield>
         <datafield tag="110" ind1="2" ind2=" ">
            <subfield code="a">Biblioteca del Istituto di alta formazione musicale Conservatorio Claudio Monteverdi</subfield>
            <subfield code="c">Bolzano</subfield>
            <subfield code="g">I-BZc</subfield>
         </datafield>
         <datafield tag="410" ind1="2" ind2=" ">
            <subfield code="a">Bibliothek der Hochschule für Musik Konservatorium Claudio Monteverdi</subfield>
         </datafield>
         <datafield tag="622" ind1=" " ind2=" ">
            <subfield code="e">Biblioteca del Istituto di alta,  formazione musicale Conservatorio,  Claudio Monteverdi, Piazza Domenicani, 19, 39100 Bolzano (BZ), Italy</subfield>
            <subfield code="u">http://www.conservatoriobolzano.it</subfield>
         </datafield>
      </record>