
      <record>
         <leader>00000nz  a2200169   4500</leader>
         <controlfield tag="001">30004658</controlfield>
         <controlfield tag="003">RISM</controlfield>
         <controlfield tag="005">20160216</controlfield>
         <controlfield tag="008">160216n||az|||||||##########||||||||||||</controlfield>
         <datafield tag="040" ind1=" " ind2=" ">
            <subfield code="a">I-BZciv</subfield>
         </datafield>
         <datafield tag="043" ind1=" " ind2=" ">
            <subfield code="c">XA-IT</subfield>
         </datafield>
         <datafield tag="110" ind1="2" ind2=" ">
            <subfield code="a">Biblioteca civica Cesare Battisti</subfield>
            <subfield code="c">Bolzano</subfield>
            <subfield code="g">I-BZciv</subfield>
         </datafield>
         <datafield tag="410" ind1="2" ind2=" ">
            <subfield code="a">Stadtbibliothek Cesare Battisti</subfield>
         </datafield>
         <datafield tag="622" ind1=" " ind2=" ">
            <subfield code="e">Biblioteca civica Cesare Battisti, Via Museo, 47/11, 39100 Bolzano (BZ), Italy</subfield>
            <subfield code="u">http://www.bolzano.net/biblioteca-civica.htm</subfield>
         </datafield>
      </record>