
      <record>
         <leader>00000nz  a2200169   4500</leader>
         <controlfield tag="001">30003429</controlfield>
         <controlfield tag="003">RISM</controlfield>
         <controlfield tag="005">20160216</controlfield>
         <controlfield tag="008">160216n||az|||||||##########||||||||||||</controlfield>
         <datafield tag="040" ind1=" " ind2=" ">
            <subfield code="a">I-BZd</subfield>
         </datafield>
         <datafield tag="043" ind1=" " ind2=" ">
            <subfield code="c">XA-IT</subfield>
         </datafield>
         <datafield tag="110" ind1="2" ind2=" ">
            <subfield code="a">Archivio parrocchiale del duomo di Santa Maria Assunta</subfield>
            <subfield code="c">Bolzano</subfield>
            <subfield code="g">I-BZd</subfield>
         </datafield>
         <datafield tag="410" ind1="2" ind2=" ">
            <subfield code="a">Archiv der Dompfarre Maria Himmelfahrt</subfield>
         </datafield>
         <datafield tag="622" ind1=" " ind2=" ">
            <subfield code="e">Archivio parrocchiale del duomo, di Santa Maria Assunta, Piazza Parrocchia, 27, 39100 Bolzano (BZ), Italy</subfield>
            <subfield code="u">http://www.dompfarre.bz.it/?index</subfield>
         </datafield>
      </record>