
      <record>
         <leader>00000nz  a2200169   4500</leader>
         <controlfield tag="001">30077097</controlfield>
         <controlfield tag="003">RISM</controlfield>
         <controlfield tag="005">20160216</controlfield>
         <controlfield tag="008">160216n||az|||||||##########||||||||||||</controlfield>
         <datafield tag="040" ind1=" " ind2=" ">
            <subfield code="a">I-BZmc</subfield>
         </datafield>
         <datafield tag="043" ind1=" " ind2=" ">
            <subfield code="c">XA-IT</subfield>
         </datafield>
         <datafield tag="110" ind1="2" ind2=" ">
            <subfield code="a">Museo civico</subfield>
            <subfield code="c">Bolzano</subfield>
            <subfield code="g">I-BZmc</subfield>
         </datafield>
         <datafield tag="410" ind1="2" ind2=" ">
            <subfield code="a">Stadtmuseum</subfield>
         </datafield>
         <datafield tag="622" ind1=" " ind2=" ">
            <subfield code="e">Museo civico, Via Cassa di Risparmio, 14, 39100 Bolzano (BZ), Italy</subfield>
            <subfield code="u">http://www.bolzano.net/museocivico.htm</subfield>
         </datafield>
      </record>