
      <record>
         <leader>00000nz  a2200169   4500</leader>
         <controlfield tag="001">30077028</controlfield>
         <controlfield tag="003">RISM</controlfield>
         <controlfield tag="005">20160216</controlfield>
         <controlfield tag="008">160216n||az|||||||##########||||||||||||</controlfield>
         <datafield tag="040" ind1=" " ind2=" ">
            <subfield code="a">I-CAbcn</subfield>
         </datafield>
         <datafield tag="110" ind1="2" ind2=" ">
            <subfield code="a">Biblioteca del Convitto nazionale Vittorio Emanuele II</subfield>
            <subfield code="c">Cagliari</subfield>
            <subfield code="g">I-CAbcn</subfield>
         </datafield>
         <datafield tag="622" ind1=" " ind2=" ">
            <subfield code="e">Biblioteca del Convitto nazionale, Vittorio Emanuele II, via G. Manno, 14, 09100 Cagliari, Italy</subfield>
            <subfield code="u">http://www.convitto.cagliari.it</subfield>
         </datafield>
      </record>