
      <record>
         <leader>00000nz  a2200169   4500</leader>
         <controlfield tag="001">30005855</controlfield>
         <controlfield tag="003">RISM</controlfield>
         <controlfield tag="005">20160216</controlfield>
         <controlfield tag="008">160216n||az|||||||##########||||||||||||</controlfield>
         <datafield tag="040" ind1=" " ind2=" ">
            <subfield code="a">I-CAft</subfield>
         </datafield>
         <datafield tag="043" ind1=" " ind2=" ">
            <subfield code="c">XA-IT</subfield>
         </datafield>
         <datafield tag="110" ind1="2" ind2=" ">
            <subfield code="a">Facoltà Teologica della Sardegna, Biblioteca</subfield>
            <subfield code="c">Cagliari</subfield>
            <subfield code="g">I-CAft</subfield>
         </datafield>
         <datafield tag="622" ind1=" " ind2=" ">
            <subfield code="e">Facoltà Teologica della Sardegna,, Biblioteca, Via L. Sanjust 11, I-09129 Cagliari., Regione Sardegna</subfield>
         </datafield>
      </record>