
      <record>
         <leader>00000nz  a2200169   4500</leader>
         <controlfield tag="001">30004666</controlfield>
         <controlfield tag="003">RISM</controlfield>
         <controlfield tag="005">20160216</controlfield>
         <controlfield tag="008">160216n||az|||||||##########||||||||||||</controlfield>
         <datafield tag="040" ind1=" " ind2=" ">
            <subfield code="a">I-CALc</subfield>
         </datafield>
         <datafield tag="043" ind1=" " ind2=" ">
            <subfield code="c">XA-IT</subfield>
         </datafield>
         <datafield tag="110" ind1="2" ind2=" ">
            <subfield code="a">Biblioteca Comunale Emanuele Taranto</subfield>
            <subfield code="c">Caltagirone</subfield>
            <subfield code="g">I-CALc</subfield>
         </datafield>
         <datafield tag="622" ind1=" " ind2=" ">
            <subfield code="e">Biblioteca Comunale Emanuele Taranto, Via Principessa Maria Josè 2, I-95041, Caltagirone (CT). Regione Sicilia</subfield>
         </datafield>
      </record>