
      <record>
         <leader>00000nz  a2200169   4500</leader>
         <controlfield tag="001">30052729</controlfield>
         <controlfield tag="003">RISM</controlfield>
         <controlfield tag="005">20160216</controlfield>
         <controlfield tag="008">160216n||az|||||||##########||||||||||||</controlfield>
         <datafield tag="040" ind1=" " ind2=" ">
            <subfield code="a">I-CALDf</subfield>
         </datafield>
         <datafield tag="043" ind1=" " ind2=" ">
            <subfield code="c">XA-IT</subfield>
         </datafield>
         <datafield tag="110" ind1="2" ind2=" ">
            <subfield code="a">Monastero francescano</subfield>
            <subfield code="c">Caldaro sulla Strada del Vino</subfield>
            <subfield code="g">I-CALDf</subfield>
         </datafield>
         <datafield tag="410" ind1="2" ind2=" ">
            <subfield code="a">Franziskanerkloster Kaltern</subfield>
         </datafield>
         <datafield tag="580" ind1=" " ind2=" ">
            <subfield code="x">I-BZf</subfield>
            <subfield code="0">30003068</subfield>
         </datafield>
      </record>