
      <record>
         <leader>00000nz  a2200169   4500</leader>
         <controlfield tag="001">30004670</controlfield>
         <controlfield tag="003">RISM</controlfield>
         <controlfield tag="005">20160216</controlfield>
         <controlfield tag="008">160216n||az|||||||##########||||||||||||</controlfield>
         <datafield tag="040" ind1=" " ind2=" ">
            <subfield code="a">I-CANd</subfield>
         </datafield>
         <datafield tag="043" ind1=" " ind2=" ">
            <subfield code="c">XA-IT</subfield>
         </datafield>
         <datafield tag="110" ind1="2" ind2=" ">
            <subfield code="a">Cattedrale di S. Sabino, Archivio Capitolare</subfield>
            <subfield code="c">Canosa di Puglia</subfield>
            <subfield code="g">I-CANd</subfield>
         </datafield>
         <datafield tag="622" ind1=" " ind2=" ">
            <subfield code="e">Cattedrale di S. Sabino, Archivio, Capitolare, Piazza S. Sabino, I-70053 Canosa di, Puglia (BA). Regione Puglia</subfield>
         </datafield>
      </record>