
      <record>
         <leader>00000nz  a2200169   4500</leader>
         <controlfield tag="001">30003432</controlfield>
         <controlfield tag="003">RISM</controlfield>
         <controlfield tag="005">20160216</controlfield>
         <controlfield tag="008">160216n||az|||||||##########||||||||||||</controlfield>
         <datafield tag="040" ind1=" " ind2=" ">
            <subfield code="a">I-CAP</subfield>
         </datafield>
         <datafield tag="043" ind1=" " ind2=" ">
            <subfield code="c">XA-IT</subfield>
         </datafield>
         <datafield tag="110" ind1="2" ind2=" ">
            <subfield code="a">Museo Provinciale Campano, Biblioteca</subfield>
            <subfield code="c">Capua</subfield>
            <subfield code="g">I-CAP</subfield>
         </datafield>
         <datafield tag="622" ind1=" " ind2=" ">
            <subfield code="e">Museo Provinciale Campano, Biblioteca, Via Roma 69, I-81043 Capua (CE)., Regione Campania</subfield>
         </datafield>
      </record>