
      <record>
         <leader>00000nz  a2200169   4500</leader>
         <controlfield tag="001">30001757</controlfield>
         <controlfield tag="003">RISM</controlfield>
         <controlfield tag="005">20160216</controlfield>
         <controlfield tag="008">160216n||az|||||||##########||||||||||||</controlfield>
         <datafield tag="040" ind1=" " ind2=" ">
            <subfield code="a">I-CARc</subfield>
         </datafield>
         <datafield tag="043" ind1=" " ind2=" ">
            <subfield code="c">XA-IT</subfield>
         </datafield>
         <datafield tag="110" ind1="2" ind2=" ">
            <subfield code="a">Archivio capitolare di S. Maria Assunta</subfield>
            <subfield code="c">Castell'Arquato</subfield>
            <subfield code="g">I-CARc</subfield>
         </datafield>
         <datafield tag="410" ind1="2" ind2=" ">
            <subfield code="a">Archivio parrocchiale</subfield>
         </datafield>
         <datafield tag="622" ind1=" " ind2=" ">
            <subfield code="e">Archivio capitolare di S. Maria Assunta, Piazzetta Don Cagnoni, 3, 29014 Castell'Arquato (PC), Italy</subfield>
         </datafield>
      </record>