
      <record>
         <leader>00000nz  a2200169   4500</leader>
         <controlfield tag="001">30003433</controlfield>
         <controlfield tag="003">RISM</controlfield>
         <controlfield tag="005">20160216</controlfield>
         <controlfield tag="008">160216n||az|||||||##########||||||||||||</controlfield>
         <datafield tag="040" ind1=" " ind2=" ">
            <subfield code="a">I-CARcc</subfield>
         </datafield>
         <datafield tag="043" ind1=" " ind2=" ">
            <subfield code="c">XA-IT</subfield>
         </datafield>
         <datafield tag="110" ind1="2" ind2=" ">
            <subfield code="a">Chiesa Collegiata dell'Assunta, Archivio Musicale</subfield>
            <subfield code="c">Castell'Arquato</subfield>
            <subfield code="g">I-CARcc</subfield>
         </datafield>
         <datafield tag="410" ind1="2" ind2=" ">
            <subfield code="a">Archivio della Chiesa Collegiata</subfield>
         </datafield>
         <datafield tag="622" ind1=" " ind2=" ">
            <subfield code="e">Chiesa Collegiata dell'Assunta,, Archivio Musicale, Piazza della Rocca, I-29014, Castell'Arquato (PC). Regione Emilia, Romagna</subfield>
         </datafield>
      </record>