
      <record>
         <leader>00000nz  a2200169   4500</leader>
         <controlfield tag="001">30001758</controlfield>
         <controlfield tag="003">RISM</controlfield>
         <controlfield tag="005">20160216</controlfield>
         <controlfield tag="008">160216n||az|||||||##########||||||||||||</controlfield>
         <datafield tag="040" ind1=" " ind2=" ">
            <subfield code="a">I-CAS</subfield>
         </datafield>
         <datafield tag="043" ind1=" " ind2=" ">
            <subfield code="c">XA-IT</subfield>
         </datafield>
         <datafield tag="110" ind1="2" ind2=" ">
            <subfield code="a">Archivio del Monastero di S. Rita</subfield>
            <subfield code="c">Cascia</subfield>
            <subfield code="g">I-CAS</subfield>
         </datafield>
         <datafield tag="622" ind1=" " ind2=" ">
            <subfield code="e">Archivio del Monastero di S. Rita, Via del Santuario, 2, 06043 Cascia (PG), Italy</subfield>
            <subfield code="u">http://www.santaritadacascia.org/</subfield>
         </datafield>
      </record>