
      <record>
         <leader>00000nz  a2200169   4500</leader>
         <controlfield tag="001">30003069</controlfield>
         <controlfield tag="003">RISM</controlfield>
         <controlfield tag="005">20160216</controlfield>
         <controlfield tag="008">160216n||az|||||||##########||||||||||||</controlfield>
         <datafield tag="040" ind1=" " ind2=" ">
            <subfield code="a">I-CAsm</subfield>
         </datafield>
         <datafield tag="043" ind1=" " ind2=" ">
            <subfield code="c">XA-IT</subfield>
         </datafield>
         <datafield tag="110" ind1="2" ind2=" ">
            <subfield code="a">Archivio della Cattedrale di S. Maria (Duomo)</subfield>
            <subfield code="c">Cagliari</subfield>
            <subfield code="g">I-CAsm</subfield>
         </datafield>
         <datafield tag="622" ind1=" " ind2=" ">
            <subfield code="e">Archivio della Cattedrale di S. Maria,  (Duomo), Piazza Palazzo, 4, 09124 Cagliari (CA), Italy</subfield>
         </datafield>
      </record>