
      <record>
         <leader>00000nz  a2200169   4500</leader>
         <controlfield tag="001">30005082</controlfield>
         <controlfield tag="003">RISM</controlfield>
         <controlfield tag="005">20160216</controlfield>
         <controlfield tag="008">160216n||az|||||||##########||||||||||||</controlfield>
         <datafield tag="040" ind1=" " ind2=" ">
            <subfield code="a">I-CAt</subfield>
         </datafield>
         <datafield tag="043" ind1=" " ind2=" ">
            <subfield code="c">XA-IT</subfield>
         </datafield>
         <datafield tag="110" ind1="2" ind2=" ">
            <subfield code="a">Teatro Lirico Giovanni Pierluigi da Palestrina, Archivio Musicale</subfield>
            <subfield code="c">Cagliari</subfield>
            <subfield code="g">I-CAt</subfield>
         </datafield>
         <datafield tag="622" ind1=" " ind2=" ">
            <subfield code="e">Teatro Lirico Giovanni Pierluigi da, Palestrina, Archivio Musicale, Viale Regina Margherita 6, I-09100, Cagliari. Regione Sardegna</subfield>
         </datafield>
      </record>