
      <record>
         <leader>00000nz  a2200169   4500</leader>
         <controlfield tag="001">30003436</controlfield>
         <controlfield tag="003">RISM</controlfield>
         <controlfield tag="005">20160216</controlfield>
         <controlfield tag="008">160216n||az|||||||##########||||||||||||</controlfield>
         <datafield tag="040" ind1=" " ind2=" ">
            <subfield code="a">I-CATm</subfield>
         </datafield>
         <datafield tag="043" ind1=" " ind2=" ">
            <subfield code="c">XA-IT</subfield>
         </datafield>
         <datafield tag="110" ind1="2" ind2=" ">
            <subfield code="a">Museo Civico Belliniano, Biblioteca</subfield>
            <subfield code="c">Catania</subfield>
            <subfield code="g">I-CATm</subfield>
         </datafield>
         <datafield tag="410" ind1="2" ind2=" ">
            <subfield code="a">Museo Belliniano, Biblioteca</subfield>
         </datafield>
         <datafield tag="622" ind1=" " ind2=" ">
            <subfield code="e">Museo Civico Belliniano, Biblioteca, Piazza S. Francesco d'Assisi 3, I-95124, Catania. Regione Sicilia</subfield>
         </datafield>
      </record>