
      <record>
         <leader>00000nz  a2200169   4500</leader>
         <controlfield tag="001">30003437</controlfield>
         <controlfield tag="003">RISM</controlfield>
         <controlfield tag="005">20160216</controlfield>
         <controlfield tag="008">160216n||az|||||||##########||||||||||||</controlfield>
         <datafield tag="040" ind1=" " ind2=" ">
            <subfield code="a">I-CATss</subfield>
         </datafield>
         <datafield tag="043" ind1=" " ind2=" ">
            <subfield code="c">XA-IT</subfield>
         </datafield>
         <datafield tag="110" ind1="2" ind2=" ">
            <subfield code="a">Società di Storia Patria per la Sicilia Orientale, Biblioteca</subfield>
            <subfield code="c">Catania</subfield>
            <subfield code="g">I-CATss</subfield>
         </datafield>
         <datafield tag="622" ind1=" " ind2=" ">
            <subfield code="e">Società di Storia Patria per la Sicilia, Orientale, Biblioteca, Piazza Stesicoro 29, I-95124 Catania., Regione Sicilia</subfield>
         </datafield>
      </record>