
      <record>
         <leader>00000nz  a2200169   4500</leader>
         <controlfield tag="001">30005109</controlfield>
         <controlfield tag="003">RISM</controlfield>
         <controlfield tag="005">20160216</controlfield>
         <controlfield tag="008">160216n||az|||||||##########||||||||||||</controlfield>
         <datafield tag="040" ind1=" " ind2=" ">
            <subfield code="a">I-CATus</subfield>
         </datafield>
         <datafield tag="043" ind1=" " ind2=" ">
            <subfield code="c">XA-IT</subfield>
         </datafield>
         <datafield tag="110" ind1="2" ind2=" ">
            <subfield code="a">Università degli Studi di Catania Facoltà di Lettere e Filosofia, Dipartimento di Scienze Storiche, Storia della Musica, Biblioteca</subfield>
            <subfield code="c">Catania</subfield>
            <subfield code="g">I-CATus</subfield>
         </datafield>
         <datafield tag="410" ind1="2" ind2=" ">
            <subfield code="a">Università degli Studi di Catania, Dipartimento di Scienze Storiche, Storia della Musica</subfield>
         </datafield>
         <datafield tag="622" ind1=" " ind2=" ">
            <subfield code="e">Università degli Studi di Catania, Facoltà di Lettere e Filosofia,, Dipartimento di Scienze Storiche,, Storia della Musica, Biblioteca, Piazza Vaccarini, I-95100 Catania., Regione Sicilia</subfield>
         </datafield>
      </record>