
      <record>
         <leader>00000nz  a2200169   4500</leader>
         <controlfield tag="001">30004668</controlfield>
         <controlfield tag="003">RISM</controlfield>
         <controlfield tag="005">20160216</controlfield>
         <controlfield tag="008">160216n||az|||||||##########||||||||||||</controlfield>
         <datafield tag="040" ind1=" " ind2=" ">
            <subfield code="a">I-CBcon</subfield>
         </datafield>
         <datafield tag="043" ind1=" " ind2=" ">
            <subfield code="c">XA-IT</subfield>
         </datafield>
         <datafield tag="110" ind1="2" ind2=" ">
            <subfield code="a">Conservatorio Lorenzo Perosi, Biblioteca</subfield>
            <subfield code="c">Campobasso</subfield>
            <subfield code="g">I-CBcon</subfield>
         </datafield>
         <datafield tag="410" ind1="2" ind2=" ">
            <subfield code="a">Conservatorio Statale di Musica Lorenzo Perosi, Biblioteca</subfield>
         </datafield>
         <datafield tag="622" ind1=" " ind2=" ">
            <subfield code="e">Conservatorio Lorenzo Perosi, Biblioteca, Via Principe di Piemonte 7, I-86100, Campobasso. Regione Molise</subfield>
         </datafield>
      </record>