
      <record>
         <leader>00000nz  a2200169   4500</leader>
         <controlfield tag="001">30004669</controlfield>
         <controlfield tag="003">RISM</controlfield>
         <controlfield tag="005">20160216</controlfield>
         <controlfield tag="008">160216n||az|||||||##########||||||||||||</controlfield>
         <datafield tag="040" ind1=" " ind2=" ">
            <subfield code="a">I-CBp</subfield>
         </datafield>
         <datafield tag="043" ind1=" " ind2=" ">
            <subfield code="c">XA-IT</subfield>
         </datafield>
         <datafield tag="110" ind1="2" ind2=" ">
            <subfield code="a">Biblioteca Provinciale Pasquale Albino</subfield>
            <subfield code="c">Campobasso</subfield>
            <subfield code="g">I-CBp</subfield>
         </datafield>
         <datafield tag="622" ind1=" " ind2=" ">
            <subfield code="e">Biblioteca Provinciale Pasquale Albino, Via D'Amato, 86100 Campobasso (CB), Italy</subfield>
            <subfield code="u">http://www2.provincia.campobasso.it/biblioteca/</subfield>
         </datafield>
      </record>