
      <record>
         <leader>00000nz  a2200169   4500</leader>
         <controlfield tag="001">30001761</controlfield>
         <controlfield tag="003">RISM</controlfield>
         <controlfield tag="005">20160216</controlfield>
         <controlfield tag="008">160216n||az|||||||##########||||||||||||</controlfield>
         <datafield tag="040" ind1=" " ind2=" ">
            <subfield code="a">I-CCc</subfield>
         </datafield>
         <datafield tag="043" ind1=" " ind2=" ">
            <subfield code="c">XA-IT</subfield>
         </datafield>
         <datafield tag="110" ind1="2" ind2=" ">
            <subfield code="a">Biblioteca comunale Giosuè Carducci</subfield>
            <subfield code="c">Città di Castello</subfield>
            <subfield code="g">I-CCc</subfield>
         </datafield>
         <datafield tag="622" ind1=" " ind2=" ">
            <subfield code="e">Biblioteca comunale Giosuè Carducci, Via delle Giulianelle, 16, 06012 Città di Castello (PG), Italy</subfield>
         </datafield>
      </record>