
      <record>
         <leader>00000nz  a2200169   4500</leader>
         <controlfield tag="001">30005102</controlfield>
         <controlfield tag="003">RISM</controlfield>
         <controlfield tag="005">20160216</controlfield>
         <controlfield tag="008">160216n||az|||||||##########||||||||||||</controlfield>
         <datafield tag="040" ind1=" " ind2=" ">
            <subfield code="a">I-CDEsm</subfield>
         </datafield>
         <datafield tag="043" ind1=" " ind2=" ">
            <subfield code="c">XA-IT</subfield>
         </datafield>
         <datafield tag="110" ind1="2" ind2=" ">
            <subfield code="a">Parrocchia di S. Maria Assunta, Archivio</subfield>
            <subfield code="c">Casole d'Elsa</subfield>
            <subfield code="g">I-CDEsm</subfield>
         </datafield>
         <datafield tag="622" ind1=" " ind2=" ">
            <subfield code="e">Parrocchia di S. Maria Assunta, Archivio, Piazza della Libertà 1, I-53031 Casole, d'Elsa (SI). Regione Toscana</subfield>
         </datafield>
      </record>