
      <record>
         <leader>00000nz  a2200169   4500</leader>
         <controlfield tag="001">30001762</controlfield>
         <controlfield tag="003">RISM</controlfield>
         <controlfield tag="005">20160216</controlfield>
         <controlfield tag="008">160216n||az|||||||##########||||||||||||</controlfield>
         <datafield tag="040" ind1=" " ind2=" ">
            <subfield code="a">I-CDO</subfield>
         </datafield>
         <datafield tag="043" ind1=" " ind2=" ">
            <subfield code="c">XA-IT</subfield>
         </datafield>
         <datafield tag="110" ind1="2" ind2=" ">
            <subfield code="a">Biblioteca civica popolare Luigi Ricca</subfield>
            <subfield code="c">Codogno</subfield>
            <subfield code="g">I-CDO</subfield>
         </datafield>
         <datafield tag="410" ind1="2" ind2=" ">
            <subfield code="a">Biblioteca comunale Luigi Ricca</subfield>
         </datafield>
         <datafield tag="622" ind1=" " ind2=" ">
            <subfield code="e">Biblioteca civica popolare Luigi Ricca, Viale Gandolfi, 6, 20073 Codogno (LO), Italy</subfield>
            <subfield code="u">http://goo.gl/hqwJem</subfield>
         </datafield>
      </record>