
      <record>
         <leader>00000nz  a2200169   4500</leader>
         <controlfield tag="001">30004686</controlfield>
         <controlfield tag="003">RISM</controlfield>
         <controlfield tag="005">20160216</controlfield>
         <controlfield tag="008">160216n||az|||||||##########||||||||||||</controlfield>
         <datafield tag="040" ind1=" " ind2=" ">
            <subfield code="a">I-CDTb</subfield>
         </datafield>
         <datafield tag="043" ind1=" " ind2=" ">
            <subfield code="c">XA-IT</subfield>
         </datafield>
         <datafield tag="110" ind1="2" ind2=" ">
            <subfield code="a">Monumento Nazionale Badia della SS. Trinità, Biblioteca</subfield>
            <subfield code="c">Cava dei Tirreni</subfield>
            <subfield code="g">I-CDTb</subfield>
         </datafield>
         <datafield tag="622" ind1=" " ind2=" ">
            <subfield code="e">Monumento Nazionale Badia della SS., Trinità, Biblioteca, Via M. Morcali 6, I-84013 Cava dei, Tirreni (SA). Regione Campania</subfield>
         </datafield>
      </record>