
      <record>
         <leader>00000nz  a2200169   4500</leader>
         <controlfield tag="001">30005859</controlfield>
         <controlfield tag="003">RISM</controlfield>
         <controlfield tag="005">20160216</controlfield>
         <controlfield tag="008">160216n||az|||||||##########||||||||||||</controlfield>
         <datafield tag="040" ind1=" " ind2=" ">
            <subfield code="a">I-CDTsf</subfield>
         </datafield>
         <datafield tag="043" ind1=" " ind2=" ">
            <subfield code="c">XA-IT</subfield>
         </datafield>
         <datafield tag="110" ind1="2" ind2=" ">
            <subfield code="a">Convento di S. Francesco, Biblioteca</subfield>
            <subfield code="c">Cava dei Tirreni</subfield>
            <subfield code="g">I-CDTsf</subfield>
         </datafield>
         <datafield tag="622" ind1=" " ind2=" ">
            <subfield code="e">Convento di S. Francesco, Biblioteca, Piazza S. Francesco, I-84013 Cava dei, Tirreni (SA). Regione Campania</subfield>
         </datafield>
      </record>