
      <record>
         <leader>00000nz  a2200169   4500</leader>
         <controlfield tag="001">30005113</controlfield>
         <controlfield tag="003">RISM</controlfield>
         <controlfield tag="005">20160216</controlfield>
         <controlfield tag="008">160216n||az|||||||##########||||||||||||</controlfield>
         <datafield tag="040" ind1=" " ind2=" ">
            <subfield code="a">I-CEac</subfield>
         </datafield>
         <datafield tag="043" ind1=" " ind2=" ">
            <subfield code="c">XA-IT</subfield>
         </datafield>
         <datafield tag="110" ind1="2" ind2=" ">
            <subfield code="a">Istituto di Cultura Musicale A. Corelli, Biblioteca</subfield>
            <subfield code="c">Cesena</subfield>
            <subfield code="g">I-CEac</subfield>
         </datafield>
         <datafield tag="622" ind1=" " ind2=" ">
            <subfield code="e">Istituto di Cultura Musicale A., Corelli, Biblioteca, Via Aldini 28, I-47023 Cesena (FO)., Regione Emilia Romagna</subfield>
         </datafield>
      </record>