
      <record>
         <leader>00000nz  a2200169   4500</leader>
         <controlfield tag="001">30001764</controlfield>
         <controlfield tag="003">RISM</controlfield>
         <controlfield tag="005">20160216</controlfield>
         <controlfield tag="008">160216n||az|||||||##########||||||||||||</controlfield>
         <datafield tag="040" ind1=" " ind2=" ">
            <subfield code="a">I-CEc</subfield>
         </datafield>
         <datafield tag="043" ind1=" " ind2=" ">
            <subfield code="c">XA-IT</subfield>
         </datafield>
         <datafield tag="110" ind1="2" ind2=" ">
            <subfield code="a">Biblioteca Malatestiana</subfield>
            <subfield code="c">Cesena</subfield>
            <subfield code="g">I-CEc</subfield>
         </datafield>
         <datafield tag="410" ind1="2" ind2=" ">
            <subfield code="a">Biblioteca comunale Malatestiana</subfield>
         </datafield>
         <datafield tag="410" ind1="2" ind2=" ">
            <subfield code="a">Istituzione Biblioteca Malatestiana</subfield>
         </datafield>
         <datafield tag="622" ind1=" " ind2=" ">
            <subfield code="e">Biblioteca Malatestiana, Piazza Bufalini, 1, 47521 Cesena (FC), Italy</subfield>
            <subfield code="u">http://www.comune.cesena.fc.it/malatestiana</subfield>
         </datafield>
      </record>