
      <record>
         <leader>00000nz  a2200169   4500</leader>
         <controlfield tag="001">30004687</controlfield>
         <controlfield tag="003">RISM</controlfield>
         <controlfield tag="005">20160216</controlfield>
         <controlfield tag="008">160216n||az|||||||##########||||||||||||</controlfield>
         <datafield tag="040" ind1=" " ind2=" ">
            <subfield code="a">I-CEcon</subfield>
         </datafield>
         <datafield tag="043" ind1=" " ind2=" ">
            <subfield code="c">XA-IT</subfield>
         </datafield>
         <datafield tag="110" ind1="2" ind2=" ">
            <subfield code="a">Biblioteca del Conservatorio statale di musica Bruno Maderna</subfield>
            <subfield code="c">Cesena</subfield>
            <subfield code="g">I-CEcon</subfield>
         </datafield>
         <datafield tag="622" ind1=" " ind2=" ">
            <subfield code="e">Biblioteca del Conservatorio statale di,  musica Bruno Maderna, Corso Comandini, 1, 47521 Cesena (FC), Italy</subfield>
            <subfield code="u">http://www.conservatoriomaderna-cesena.it/index.php?p=106&amp;lg=it</subfield>
         </datafield>
      </record>