
      <record>
         <leader>00000nz  a2200169   4500</leader>
         <controlfield tag="001">30001765</controlfield>
         <controlfield tag="003">RISM</controlfield>
         <controlfield tag="005">20160216</controlfield>
         <controlfield tag="008">160216n||az|||||||##########||||||||||||</controlfield>
         <datafield tag="040" ind1=" " ind2=" ">
            <subfield code="a">I-CEN</subfield>
         </datafield>
         <datafield tag="043" ind1=" " ind2=" ">
            <subfield code="c">XA-IT</subfield>
         </datafield>
         <datafield tag="110" ind1="2" ind2=" ">
            <subfield code="a">Biblioteca capitolare di San Biagio</subfield>
            <subfield code="c">Cento</subfield>
            <subfield code="g">I-CEN</subfield>
         </datafield>
         <datafield tag="622" ind1=" " ind2=" ">
            <subfield code="e">Biblioteca capitolare di San Biagio, L'Oratorio Don Zucchini della Collegiata,  di San Biagio, Via Guercino, 19, 44042 Cento (FE), Italy</subfield>
            <subfield code="u">http://www.bibliotecasanbiagiodicento.com/index.html</subfield>
         </datafield>
      </record>