
      <record>
         <leader>00000nz  a2200169   4500</leader>
         <controlfield tag="001">30005111</controlfield>
         <controlfield tag="003">RISM</controlfield>
         <controlfield tag="005">20160216</controlfield>
         <controlfield tag="008">160216n||az|||||||##########||||||||||||</controlfield>
         <datafield tag="040" ind1=" " ind2=" ">
            <subfield code="a">I-CERcs</subfield>
         </datafield>
         <datafield tag="043" ind1=" " ind2=" ">
            <subfield code="c">XA-IT</subfield>
         </datafield>
         <datafield tag="110" ind1="2" ind2=" ">
            <subfield code="a">Centro di Studi dell'Ars Nova del Trecento, Biblioteca</subfield>
            <subfield code="c">Certaldo</subfield>
            <subfield code="g">I-CERcs</subfield>
         </datafield>
         <datafield tag="622" ind1=" " ind2=" ">
            <subfield code="e">Centro di Studi dell'Ars Nova del, Trecento, Biblioteca, Borgo Garibaldi 33, I-50152 Certaldo, (FI). Regione Toscana</subfield>
         </datafield>
      </record>