
      <record>
         <leader>00000nz  a2200169   4500</leader>
         <controlfield tag="001">30001763</controlfield>
         <controlfield tag="003">RISM</controlfield>
         <controlfield tag="005">20160216</controlfield>
         <controlfield tag="008">160216n||az|||||||##########||||||||||||</controlfield>
         <datafield tag="040" ind1=" " ind2=" ">
            <subfield code="a">I-CEsm</subfield>
         </datafield>
         <datafield tag="043" ind1=" " ind2=" ">
            <subfield code="c">XA-IT</subfield>
         </datafield>
         <datafield tag="110" ind1="2" ind2=" ">
            <subfield code="a">Biblioteca dell'Abbazia di S. Maria del Monte</subfield>
            <subfield code="c">Cesena</subfield>
            <subfield code="g">I-CEsm</subfield>
         </datafield>
         <datafield tag="622" ind1=" " ind2=" ">
            <subfield code="e">Biblioteca dell'Abbazia di S. Maria del,  Monte, Via del Monte, 999, 47023 Cesena (FC), Italy</subfield>
            <subfield code="u">http://www.abbaziadelmonte.it/monastero</subfield>
         </datafield>
      </record>