
      <record>
         <leader>00000nz  a2200169   4500</leader>
         <controlfield tag="001">30001766</controlfield>
         <controlfield tag="003">RISM</controlfield>
         <controlfield tag="005">20160216</controlfield>
         <controlfield tag="008">160216n||az|||||||##########||||||||||||</controlfield>
         <datafield tag="040" ind1=" " ind2=" ">
            <subfield code="a">I-CF</subfield>
         </datafield>
         <datafield tag="043" ind1=" " ind2=" ">
            <subfield code="c">XA-IT</subfield>
         </datafield>
         <datafield tag="110" ind1="2" ind2=" ">
            <subfield code="a">Archivio capitolare del Duomo (S. Maria Assunta)</subfield>
            <subfield code="c">Cividale del Friuli</subfield>
            <subfield code="g">I-CF</subfield>
         </datafield>
         <datafield tag="622" ind1=" " ind2=" ">
            <subfield code="e">Archivio capitolare del Duomo (S. Maria,  Assunta), Piazza del Duomo, 33043  Cividale del Friuli (UD), Italy</subfield>
         </datafield>
      </record>