
      <record>
         <leader>00000nz  a2200169   4500</leader>
         <controlfield tag="001">30003071</controlfield>
         <controlfield tag="003">RISM</controlfield>
         <controlfield tag="005">20160216</controlfield>
         <controlfield tag="008">160216n||az|||||||##########||||||||||||</controlfield>
         <datafield tag="040" ind1=" " ind2=" ">
            <subfield code="a">I-CFm</subfield>
         </datafield>
         <datafield tag="043" ind1=" " ind2=" ">
            <subfield code="c">XA-IT</subfield>
         </datafield>
         <datafield tag="110" ind1="2" ind2=" ">
            <subfield code="a">Museo Archeologico Nazionale, Biblioteca</subfield>
            <subfield code="c">Cividale del Friuli</subfield>
            <subfield code="g">I-CFm</subfield>
         </datafield>
         <datafield tag="410" ind1="2" ind2=" ">
            <subfield code="a">Museo Archeologico Nazionale</subfield>
         </datafield>
         <datafield tag="410" ind1="2" ind2=" ">
            <subfield code="a">Biblioteca annessa al Museo Archeologico Nazionale</subfield>
         </datafield>
         <datafield tag="410" ind1="2" ind2=" ">
            <subfield code="a">Biblioteca del Museo Archeologico Nazionale</subfield>
         </datafield>
         <datafield tag="622" ind1=" " ind2=" ">
            <subfield code="e">Museo Archeologico Nazionale, Biblioteca, Piazza del Duomo 13, I-33043 Cividale, del Friuli (UD). Regione Friuli Venezia, Giulia</subfield>
         </datafield>
      </record>