
      <record>
         <leader>00000nz  a2200169   4500</leader>
         <controlfield tag="001">30005106</controlfield>
         <controlfield tag="003">RISM</controlfield>
         <controlfield tag="005">20160216</controlfield>
         <controlfield tag="008">160216n||az|||||||##########||||||||||||</controlfield>
         <datafield tag="040" ind1=" " ind2=" ">
            <subfield code="a">I-CFVc</subfield>
         </datafield>
         <datafield tag="043" ind1=" " ind2=" ">
            <subfield code="c">XA-IT</subfield>
         </datafield>
         <datafield tag="110" ind1="2" ind2=" ">
            <subfield code="a">Conservatorio di Musica A. Steffani, Biblioteca</subfield>
            <subfield code="c">Castelfranco Veneto</subfield>
            <subfield code="g">I-CFVc</subfield>
         </datafield>
         <datafield tag="410" ind1="2" ind2=" ">
            <subfield code="a">Conservatorio Statale di Musica A. Steffani, Biblioteca</subfield>
         </datafield>
         <datafield tag="622" ind1=" " ind2=" ">
            <subfield code="e">Conservatorio di Musica A. Steffani,, Biblioteca, Via Garibaldi 25, I-31033 Castelfranco, Veneto (TV). Regione Veneto</subfield>
         </datafield>
      </record>