
      <record>
         <leader>00000nz  a2200169   4500</leader>
         <controlfield tag="001">30005105</controlfield>
         <controlfield tag="003">RISM</controlfield>
         <controlfield tag="005">20160216</controlfield>
         <controlfield tag="008">160216n||az|||||||##########||||||||||||</controlfield>
         <datafield tag="040" ind1=" " ind2=" ">
            <subfield code="a">I-CFVd</subfield>
         </datafield>
         <datafield tag="043" ind1=" " ind2=" ">
            <subfield code="c">XA-IT</subfield>
         </datafield>
         <datafield tag="110" ind1="2" ind2=" ">
            <subfield code="a">Il Duomo di Santa Maria Assunta e San Liberale, Archivio</subfield>
            <subfield code="c">Castelfranco Veneto</subfield>
            <subfield code="g">I-CFVd</subfield>
         </datafield>
         <datafield tag="410" ind1="2" ind2=" ">
            <subfield code="a">Archivio del Duomo</subfield>
         </datafield>
         <datafield tag="622" ind1=" " ind2=" ">
            <subfield code="e">Archivio del Duomo, Vicolo del Cristo 14, 31033 Castelfranco Veneto (TV)., Regione Veneto, Italia</subfield>
         </datafield>
      </record>