
      <record>
         <leader>00000nz  a2200169   4500</leader>
         <controlfield tag="001">30004684</controlfield>
         <controlfield tag="003">RISM</controlfield>
         <controlfield tag="005">20160216</controlfield>
         <controlfield tag="008">160216n||az|||||||##########||||||||||||</controlfield>
         <datafield tag="040" ind1=" " ind2=" ">
            <subfield code="a">I-CGc</subfield>
         </datafield>
         <datafield tag="043" ind1=" " ind2=" ">
            <subfield code="c">XA-IT</subfield>
         </datafield>
         <datafield tag="110" ind1="2" ind2=" ">
            <subfield code="a">Biblioteca Comunale Giacomo Tauro</subfield>
            <subfield code="c">Castellana Grotte</subfield>
            <subfield code="g">I-CGc</subfield>
         </datafield>
         <datafield tag="622" ind1=" " ind2=" ">
            <subfield code="e">Biblioteca Comunale Giacomo Tauro, Via Risorgimento 9, I-70013 Castellana, Grotte (BA). Regione Puglia</subfield>
         </datafield>
      </record>