
      <record>
         <leader>00000nz  a2200169   4500</leader>
         <controlfield tag="001">30000138</controlfield>
         <controlfield tag="003">RISM</controlfield>
         <controlfield tag="005">20160216</controlfield>
         <controlfield tag="008">160216n||az|||||||##########||||||||||||</controlfield>
         <datafield tag="040" ind1=" " ind2=" ">
            <subfield code="a">I-CHc</subfield>
         </datafield>
         <datafield tag="043" ind1=" " ind2=" ">
            <subfield code="c">XA-IT</subfield>
         </datafield>
         <datafield tag="110" ind1="2" ind2=" ">
            <subfield code="a">Biblioteca civica di Chioggia Cristoforo Sabbadino</subfield>
            <subfield code="c">Chioggia</subfield>
            <subfield code="g">I-CHc</subfield>
         </datafield>
         <datafield tag="622" ind1=" " ind2=" ">
            <subfield code="e">Biblioteca civica di Chioggia Cristoforo,  Sabbadino, Campo Marconi, 108, 30015 Chioggia (VE), Italy</subfield>
            <subfield code="u">http://bibchioggia.comperio.it/</subfield>
         </datafield>
      </record>