
      <record>
         <leader>00000nz  a2200169   4500</leader>
         <controlfield tag="001">30004695</controlfield>
         <controlfield tag="003">RISM</controlfield>
         <controlfield tag="005">20160216</controlfield>
         <controlfield tag="008">160216n||az|||||||##########||||||||||||</controlfield>
         <datafield tag="040" ind1=" " ind2=" ">
            <subfield code="a">I-CHIse</subfield>
         </datafield>
         <datafield tag="043" ind1=" " ind2=" ">
            <subfield code="c">XA-IT</subfield>
         </datafield>
         <datafield tag="110" ind1="2" ind2=" ">
            <subfield code="a">Società Economica, Biblioteca</subfield>
            <subfield code="c">Chiavari</subfield>
            <subfield code="g">I-CHIse</subfield>
         </datafield>
         <datafield tag="622" ind1=" " ind2=" ">
            <subfield code="e">Società Economica, Biblioteca, Via Ravaschieri 15, I-16043 Chiavari, (GE). Regione Liguria</subfield>
         </datafield>
      </record>