
      <record>
         <leader>00000nz  a2200169   4500</leader>
         <controlfield tag="001">30070257</controlfield>
         <controlfield tag="003">RISM</controlfield>
         <controlfield tag="005">20160216</controlfield>
         <controlfield tag="008">160216n||az|||||||##########||||||||||||</controlfield>
         <datafield tag="040" ind1=" " ind2=" ">
            <subfield code="a">I-CHN</subfield>
         </datafield>
         <datafield tag="043" ind1=" " ind2=" ">
            <subfield code="c">XA-IT</subfield>
         </datafield>
         <datafield tag="110" ind1="2" ind2=" ">
            <subfield code="a">Biblioteca del Convento della Verna &lt;Chiusi della Verna&gt;</subfield>
            <subfield code="c">Chiusi della Verna</subfield>
            <subfield code="g">I-CHN</subfield>
         </datafield>
      </record>