
      <record>
         <leader>00000nz  a2200169   4500</leader>
         <controlfield tag="001">30003438</controlfield>
         <controlfield tag="003">RISM</controlfield>
         <controlfield tag="005">20160216</controlfield>
         <controlfield tag="008">160216n||az|||||||##########||||||||||||</controlfield>
         <datafield tag="040" ind1=" " ind2=" ">
            <subfield code="a">I-CHR</subfield>
         </datafield>
         <datafield tag="043" ind1=" " ind2=" ">
            <subfield code="c">XA-IT</subfield>
         </datafield>
         <datafield tag="110" ind1="2" ind2=" ">
            <subfield code="a">Facoltà Teologica dei Gesuiti, Biblioteca</subfield>
            <subfield code="c">Chieri</subfield>
            <subfield code="g">I-CHR</subfield>
         </datafield>
         <datafield tag="580" ind1=" " ind2=" ">
            <subfield code="x">I-Tct</subfield>
            <subfield code="0">30005783</subfield>
         </datafield>
      </record>