
      <record>
         <leader>00000nz  a2200169   4500</leader>
         <controlfield tag="001">30077110</controlfield>
         <controlfield tag="003">RISM</controlfield>
         <controlfield tag="005">20160216</controlfield>
         <controlfield tag="008">160216n||az|||||||##########||||||||||||</controlfield>
         <datafield tag="040" ind1=" " ind2=" ">
            <subfield code="a">I-CHRlc</subfield>
         </datafield>
         <datafield tag="043" ind1=" " ind2=" ">
            <subfield code="c">XA-IT</subfield>
         </datafield>
         <datafield tag="110" ind1="2" ind2=" ">
            <subfield code="a">Liceo classico Cesare Balbo, Biblioteca storica</subfield>
            <subfield code="c">Chieri</subfield>
            <subfield code="g">I-CHRlc</subfield>
         </datafield>
      </record>