
      <record>
         <leader>00000nz  a2200169   4500</leader>
         <controlfield tag="001">30003440</controlfield>
         <controlfield tag="003">RISM</controlfield>
         <controlfield tag="005">20160216</controlfield>
         <controlfield tag="008">160216n||az|||||||##########||||||||||||</controlfield>
         <datafield tag="040" ind1=" " ind2=" ">
            <subfield code="a">I-CHT</subfield>
         </datafield>
         <datafield tag="043" ind1=" " ind2=" ">
            <subfield code="c">XA-IT</subfield>
         </datafield>
         <datafield tag="110" ind1="2" ind2=" ">
            <subfield code="a">Biblioteca Provinciale Angelo Camillo De Meis</subfield>
            <subfield code="c">Chieti</subfield>
            <subfield code="g">I-CHT</subfield>
         </datafield>
         <datafield tag="622" ind1=" " ind2=" ">
            <subfield code="e">Biblioteca Provinciale Angelo Camillo, De Meis, Piazza dei Templi Romani 1, I-66100, Chieti. Regione Abruzzo</subfield>
         </datafield>
      </record>