
      <record>
         <leader>00000nz  a2200169   4500</leader>
         <controlfield tag="001">30003441</controlfield>
         <controlfield tag="003">RISM</controlfield>
         <controlfield tag="005">20160216</controlfield>
         <controlfield tag="008">160216n||az|||||||##########||||||||||||</controlfield>
         <datafield tag="040" ind1=" " ind2=" ">
            <subfield code="a">I-CHV</subfield>
         </datafield>
         <datafield tag="043" ind1=" " ind2=" ">
            <subfield code="c">XA-IT</subfield>
         </datafield>
         <datafield tag="110" ind1="2" ind2=" ">
            <subfield code="a">Tesoro della Collegiata di S. Lorenzo, Museo Capitolare</subfield>
            <subfield code="c">Chiavenna</subfield>
            <subfield code="g">I-CHV</subfield>
         </datafield>
         <datafield tag="410" ind1="2" ind2=" ">
            <subfield code="a">Biblioteca Capitolare Laurenziana</subfield>
         </datafield>
         <datafield tag="410" ind1="2" ind2=" ">
            <subfield code="a">Tesoro di San Lorenzo, Museo Capitolare</subfield>
         </datafield>
         <datafield tag="622" ind1=" " ind2=" ">
            <subfield code="e">Tesoro della Collegiata di S. Lorenzo,, Museo Capitolare, Piazza Don Bormetti 1, I-23022, Chiavenna (SO). Regione Lombardia</subfield>
         </datafield>
      </record>