
      <record>
         <leader>00000nz  a2200169   4500</leader>
         <controlfield tag="001">30003442</controlfield>
         <controlfield tag="003">RISM</controlfield>
         <controlfield tag="005">20160216</controlfield>
         <controlfield tag="008">160216n||az|||||||##########||||||||||||</controlfield>
         <datafield tag="040" ind1=" " ind2=" ">
            <subfield code="a">I-CLE</subfield>
         </datafield>
         <datafield tag="043" ind1=" " ind2=" ">
            <subfield code="c">XA-IT</subfield>
         </datafield>
         <datafield tag="110" ind1="2" ind2=" ">
            <subfield code="a">Biblioteca Comunale Francesco Bentivegna</subfield>
            <subfield code="c">Corleone</subfield>
            <subfield code="g">I-CLE</subfield>
         </datafield>
         <datafield tag="622" ind1=" " ind2=" ">
            <subfield code="e">Biblioteca Comunale Francesco Bentivegna, Via S. Agostino 3, I-90034 Corleone, (PA). Regione Sicilia</subfield>
         </datafield>
      </record>