
      <record>
         <leader>00000nz  a2200169   4500</leader>
         <controlfield tag="001">30080472</controlfield>
         <controlfield tag="003">RISM</controlfield>
         <controlfield tag="005">20160216</controlfield>
         <controlfield tag="008">160216n||az|||||||##########||||||||||||</controlfield>
         <datafield tag="040" ind1=" " ind2=" ">
            <subfield code="a">I-CLI</subfield>
         </datafield>
         <datafield tag="043" ind1=" " ind2=" ">
            <subfield code="c">XA-IT</subfield>
         </datafield>
         <datafield tag="110" ind1="2" ind2=" ">
            <subfield code="a">Biblioteca del Museo nazionale della Certosa monumentale</subfield>
            <subfield code="c">Calci</subfield>
            <subfield code="g">I-CLI</subfield>
         </datafield>
         <datafield tag="410" ind1="2" ind2=" ">
            <subfield code="a">Biblioteca e Archivio della Certosa</subfield>
         </datafield>
         <datafield tag="622" ind1=" " ind2=" ">
            <subfield code="e">Biblioteca del Museo nazionale della,  Certosa monumentale, via Roma, 79, 56011 Calci (PI), Italy</subfield>
            <subfield code="u">http://goo.gl/hXOnvM</subfield>
         </datafield>
      </record>