
      <record>
         <leader>00000nz  a2200169   4500</leader>
         <controlfield tag="001">30003443</controlfield>
         <controlfield tag="003">RISM</controlfield>
         <controlfield tag="005">20160216</controlfield>
         <controlfield tag="008">160216n||az|||||||##########||||||||||||</controlfield>
         <datafield tag="040" ind1=" " ind2=" ">
            <subfield code="a">I-CLOsl</subfield>
         </datafield>
         <datafield tag="043" ind1=" " ind2=" ">
            <subfield code="c">XA-IT</subfield>
         </datafield>
         <datafield tag="110" ind1="2" ind2=" ">
            <subfield code="a">Archivio della Chiesa di San Liborio</subfield>
            <subfield code="c">Colorno</subfield>
            <subfield code="g">I-CLOsl</subfield>
         </datafield>
         <datafield tag="410" ind1="2" ind2=" ">
            <subfield code="a">Archivio della Cappella Ducale di San Liborio</subfield>
         </datafield>
         <datafield tag="622" ind1=" " ind2=" ">
            <subfield code="e">Archivio della Chiesa di San Liborio, Palazzo Ducale, Via Roma, 43052 Colorno (PR), Italy</subfield>
         </datafield>
      </record>