
      <record>
         <leader>00000nz  a2200169   4500</leader>
         <controlfield tag="001">30004701</controlfield>
         <controlfield tag="003">RISM</controlfield>
         <controlfield tag="005">20160216</controlfield>
         <controlfield tag="008">160216n||az|||||||##########||||||||||||</controlfield>
         <datafield tag="040" ind1=" " ind2=" ">
            <subfield code="a">I-CLPa</subfield>
         </datafield>
         <datafield tag="043" ind1=" " ind2=" ">
            <subfield code="c">XA-IT</subfield>
         </datafield>
         <datafield tag="110" ind1="2" ind2=" ">
            <subfield code="a">Biblioteca statale del Monumento nazionale di Trisulti</subfield>
            <subfield code="c">Collepardo</subfield>
            <subfield code="g">I-CLPa</subfield>
         </datafield>
         <datafield tag="410" ind1="2" ind2=" ">
            <subfield code="a">Biblioteca dell'Abbazia di Trisulti</subfield>
         </datafield>
         <datafield tag="622" ind1=" " ind2=" ">
            <subfield code="e">Biblioteca statale del Monumento, nazionale di Trisulti, Via Trisulti, 8, 03010 Collepardo (FR), Italy</subfield>
         </datafield>
      </record>