
      <record>
         <leader>00000nz  a2200169   4500</leader>
         <controlfield tag="001">30001767</controlfield>
         <controlfield tag="003">RISM</controlfield>
         <controlfield tag="005">20160216</controlfield>
         <controlfield tag="008">160216n||az|||||||##########||||||||||||</controlfield>
         <datafield tag="040" ind1=" " ind2=" ">
            <subfield code="a">I-CMac</subfield>
         </datafield>
         <datafield tag="043" ind1=" " ind2=" ">
            <subfield code="c">XA-IT</subfield>
         </datafield>
         <datafield tag="110" ind1="2" ind2=" ">
            <subfield code="a">Biblioteca diocesana</subfield>
            <subfield code="c">Casale Monferrato</subfield>
            <subfield code="g">I-CMac</subfield>
         </datafield>
         <datafield tag="410" ind1="2" ind2=" ">
            <subfield code="a">Biblioteca dell'Archivio capitolare del Duomo di S. Evasio</subfield>
         </datafield>
         <datafield tag="622" ind1=" " ind2=" ">
            <subfield code="e">Biblioteca diocesana, Via Liutprando, 1, 15033 Casale Monferrato (AL), Italy</subfield>
         </datafield>
      </record>