
      <record>
         <leader>00000nz  a2200169   4500</leader>
         <controlfield tag="001">30000257</controlfield>
         <controlfield tag="003">RISM</controlfield>
         <controlfield tag="005">20160216</controlfield>
         <controlfield tag="008">160216n||az|||||||##########||||||||||||</controlfield>
         <datafield tag="040" ind1=" " ind2=" ">
            <subfield code="a">I-CMGd</subfield>
         </datafield>
         <datafield tag="043" ind1=" " ind2=" ">
            <subfield code="c">XA-IT</subfield>
         </datafield>
         <datafield tag="110" ind1="2" ind2=" ">
            <subfield code="a">Biblioteca abbaziale della parrocchia di S. Stefano</subfield>
            <subfield code="c">Casalmaggiore</subfield>
            <subfield code="g">I-CMGd</subfield>
         </datafield>
         <datafield tag="410" ind1="2" ind2=" ">
            <subfield code="a">Archivio del Duomo</subfield>
         </datafield>
         <datafield tag="622" ind1=" " ind2=" ">
            <subfield code="e">Biblioteca abbaziale della parrocchia di,  S. Stefano, Piazza Duomo, 1, 26041 Casalmaggiore (CR), Italy</subfield>
            <subfield code="u">http://www.duomocasalmaggiore.it/documenti/archivio/index.shtml</subfield>
         </datafield>
      </record>