
      <record>
         <leader>00000nz  a2200169   4500</leader>
         <controlfield tag="001">30003444</controlfield>
         <controlfield tag="003">RISM</controlfield>
         <controlfield tag="005">20160216</controlfield>
         <controlfield tag="008">160216n||az|||||||##########||||||||||||</controlfield>
         <datafield tag="040" ind1=" " ind2=" ">
            <subfield code="a">I-CMI</subfield>
         </datafield>
         <datafield tag="043" ind1=" " ind2=" ">
            <subfield code="c">XA-IT</subfield>
         </datafield>
         <datafield tag="110" ind1="2" ind2=" ">
            <subfield code="a">Biblioteca Civica Nicolò Cuneo</subfield>
            <subfield code="c">Camogli</subfield>
            <subfield code="g">I-CMI</subfield>
         </datafield>
         <datafield tag="410" ind1="2" ind2=" ">
            <subfield code="a">Biblioteca Civica Nicolò Cueno</subfield>
         </datafield>
         <datafield tag="410" ind1="2" ind2=" ">
            <subfield code="a">Biblioteca Comunale Nicolò Cueno</subfield>
         </datafield>
         <datafield tag="622" ind1=" " ind2=" ">
            <subfield code="e">Biblioteca Civica Nicolò Cuneo, Via G. B Ferrari 41, I-16032 Camogli, (GE). Regione Liguria</subfield>
         </datafield>
      </record>