
      <record>
         <leader>00000nz  a2200169   4500</leader>
         <controlfield tag="001">30005086</controlfield>
         <controlfield tag="003">RISM</controlfield>
         <controlfield tag="005">20160216</controlfield>
         <controlfield tag="008">160216n||az|||||||##########||||||||||||</controlfield>
         <datafield tag="040" ind1=" " ind2=" ">
            <subfield code="a">I-CMLsr</subfield>
         </datafield>
         <datafield tag="043" ind1=" " ind2=" ">
            <subfield code="c">XA-IT</subfield>
         </datafield>
         <datafield tag="110" ind1="2" ind2=" ">
            <subfield code="a">Archicenobio di S. Romualdo (Monastero dei PP. Camaldolesi), Biblioteca</subfield>
            <subfield code="c">Camaldoli</subfield>
            <subfield code="g">I-CMLsr</subfield>
         </datafield>
         <datafield tag="622" ind1=" " ind2=" ">
            <subfield code="e">Archicenobio di S. Romualdo (Monastero, dei PP. Camaldolesi), Biblioteca, I-52010 Camaldoli (AR). Regione Toscana</subfield>
         </datafield>
      </record>