
      <record>
         <leader>00000nz  a2200169   4500</leader>
         <controlfield tag="001">30003445</controlfield>
         <controlfield tag="003">RISM</controlfield>
         <controlfield tag="005">20160216</controlfield>
         <controlfield tag="008">160216n||az|||||||##########||||||||||||</controlfield>
         <datafield tag="040" ind1=" " ind2=" ">
            <subfield code="a">I-CMO</subfield>
         </datafield>
         <datafield tag="043" ind1=" " ind2=" ">
            <subfield code="c">XA-IT</subfield>
         </datafield>
         <datafield tag="110" ind1="2" ind2=" ">
            <subfield code="a">Biblioteca Comunale Valentiniana</subfield>
            <subfield code="c">Camerino</subfield>
            <subfield code="g">I-CMO</subfield>
         </datafield>
         <datafield tag="410" ind1="2" ind2=" ">
            <subfield code="a">Biblioteca Valentiniana e Comunale</subfield>
         </datafield>
         <datafield tag="622" ind1=" " ind2=" ">
            <subfield code="e">Biblioteca Comunale Valentiniana, Palazzo Ducale, Piazza Cavour, I-62032, Camerino (MC). Regione Marche</subfield>
         </datafield>
      </record>