
      <record>
         <leader>00000nz  a2200169   4500</leader>
         <controlfield tag="001">30005085</controlfield>
         <controlfield tag="003">RISM</controlfield>
         <controlfield tag="005">20160216</controlfield>
         <controlfield tag="008">160216n||az|||||||##########||||||||||||</controlfield>
         <datafield tag="040" ind1=" " ind2=" ">
            <subfield code="a">I-CMOcm</subfield>
         </datafield>
         <datafield tag="043" ind1=" " ind2=" ">
            <subfield code="c">XA-IT</subfield>
         </datafield>
         <datafield tag="110" ind1="2" ind2=" ">
            <subfield code="a">Cattedrale, Cappella Musicale, Archivio</subfield>
            <subfield code="c">Camerino</subfield>
            <subfield code="g">I-CMOcm</subfield>
         </datafield>
         <datafield tag="622" ind1=" " ind2=" ">
            <subfield code="e">Cattedrale, Cappella Musicale, Archivio, Via della Canonica 7, I-62031 Camerino, (MC). Regione Marche</subfield>
         </datafield>
      </record>