
      <record>
         <leader>00000nz  a2200169   4500</leader>
         <controlfield tag="001">30004702</controlfield>
         <controlfield tag="003">RISM</controlfield>
         <controlfield tag="005">20160216</controlfield>
         <controlfield tag="008">160216n||az|||||||##########||||||||||||</controlfield>
         <datafield tag="040" ind1=" " ind2=" ">
            <subfield code="a">I-CMPc</subfield>
         </datafield>
         <datafield tag="043" ind1=" " ind2=" ">
            <subfield code="c">XA-IT</subfield>
         </datafield>
         <datafield tag="110" ind1="2" ind2=" ">
            <subfield code="a">Archivio della Parrocchia di S. Giovanni Battista</subfield>
            <subfield code="c">Campagnano di Roma</subfield>
            <subfield code="g">I-CMPc</subfield>
         </datafield>
         <datafield tag="622" ind1=" " ind2=" ">
            <subfield code="e">Archivio della Parrocchia di S. Giovanni,  Battista, Via del Duomo, 50, 00063 Campagnano di Roma (RM), Italy</subfield>
         </datafield>
      </record>