
      <record>
         <leader>00000nz  a2200169   4500</leader>
         <controlfield tag="001">30003072</controlfield>
         <controlfield tag="003">RISM</controlfield>
         <controlfield tag="005">20160216</controlfield>
         <controlfield tag="008">160216n||az|||||||##########||||||||||||</controlfield>
         <datafield tag="040" ind1=" " ind2=" ">
            <subfield code="a">I-CMs</subfield>
         </datafield>
         <datafield tag="043" ind1=" " ind2=" ">
            <subfield code="c">XA-IT</subfield>
         </datafield>
         <datafield tag="110" ind1="2" ind2=" ">
            <subfield code="a">Biblioteca del Seminario vescovile</subfield>
            <subfield code="c">Casale Monferrato</subfield>
            <subfield code="g">I-CMs</subfield>
         </datafield>
         <datafield tag="622" ind1=" " ind2=" ">
            <subfield code="e">Biblioteca del Seminario vescovile, Piazza Nazari di Calabiana, 1, 15033 Casale Monferrato (AL), Italy</subfield>
            <subfield code="u">http://goo.gl/7r0jHa</subfield>
         </datafield>
      </record>