
      <record>
         <leader>00000nz  a2200169   4500</leader>
         <controlfield tag="001">30004680</controlfield>
         <controlfield tag="003">RISM</controlfield>
         <controlfield tag="005">20160216</controlfield>
         <controlfield tag="008">160216n||az|||||||##########||||||||||||</controlfield>
         <datafield tag="040" ind1=" " ind2=" ">
            <subfield code="a">I-CMsd</subfield>
         </datafield>
         <datafield tag="043" ind1=" " ind2=" ">
            <subfield code="c">XA-IT</subfield>
         </datafield>
         <datafield tag="110" ind1="2" ind2=" ">
            <subfield code="a">S. Domenico, Archivio</subfield>
            <subfield code="c">Casale Monferrato</subfield>
            <subfield code="g">I-CMsd</subfield>
         </datafield>
         <datafield tag="622" ind1=" " ind2=" ">
            <subfield code="e">S. Domenico, Archivio, Piazza S. Domenico 3, I-15033 Casale, Monferrato (AL). Regione Piemonte</subfield>
         </datafield>
      </record>