
      <record>
         <leader>00000nz  a2200169   4500</leader>
         <controlfield tag="001">30001769</controlfield>
         <controlfield tag="003">RISM</controlfield>
         <controlfield tag="005">20160216</controlfield>
         <controlfield tag="008">160216n||az|||||||##########||||||||||||</controlfield>
         <datafield tag="040" ind1=" " ind2=" ">
            <subfield code="a">I-CNM</subfield>
         </datafield>
         <datafield tag="043" ind1=" " ind2=" ">
            <subfield code="c">XA-IT</subfield>
         </datafield>
         <datafield tag="110" ind1="2" ind2=" ">
            <subfield code="a">Biblioteca comunale Silvio Zavatti</subfield>
            <subfield code="c">Civitanova Marche</subfield>
            <subfield code="g">I-CNM</subfield>
         </datafield>
         <datafield tag="622" ind1=" " ind2=" ">
            <subfield code="e">Biblioteca comunale Silvio Zavatti, Viale Vittorio Veneto, 124, 62012 Civitanova Marche (MC), Italy</subfield>
            <subfield code="u">http://bibliotecazavatti.com/</subfield>
         </datafield>
      </record>