
      <record>
         <leader>00000nz  a2200169   4500</leader>
         <controlfield tag="001">30004705</controlfield>
         <controlfield tag="003">RISM</controlfield>
         <controlfield tag="005">20160216</controlfield>
         <controlfield tag="008">160216n||az|||||||##########||||||||||||</controlfield>
         <datafield tag="040" ind1=" " ind2=" ">
            <subfield code="a">I-CNVvb</subfield>
         </datafield>
         <datafield tag="043" ind1=" " ind2=" ">
            <subfield code="c">XA-IT</subfield>
         </datafield>
         <datafield tag="110" ind1="2" ind2=" ">
            <subfield code="a">Biblioteca Vittorio Bachelet della Chiesa Parrocchiale del Carmine</subfield>
            <subfield code="c">Conversano</subfield>
            <subfield code="g">I-CNVvb</subfield>
         </datafield>
         <datafield tag="410" ind1="2" ind2=" ">
            <subfield code="a">Biblioteca V. Bachelet della Chiesa Parrocchiale del Carmine</subfield>
         </datafield>
         <datafield tag="622" ind1=" " ind2=" ">
            <subfield code="e">Biblioteca Vittorio Bachelet della, Chiesa Parrocchiale del Carmine, Via Frat. Pacale, I-70014 Conversano, (BA). Regione Puglia</subfield>
         </datafield>
      </record>