
      <record>
         <leader>00000nz  a2200169   4500</leader>
         <controlfield tag="001">30070268</controlfield>
         <controlfield tag="003">RISM</controlfield>
         <controlfield tag="005">20160216</controlfield>
         <controlfield tag="008">160216n||az|||||||##########||||||||||||</controlfield>
         <datafield tag="040" ind1=" " ind2=" ">
            <subfield code="a">I-COasd</subfield>
         </datafield>
         <datafield tag="043" ind1=" " ind2=" ">
            <subfield code="c">XA-IT</subfield>
         </datafield>
         <datafield tag="110" ind1="2" ind2=" ">
            <subfield code="a">Archivio Storico della Diocesi &lt;Como&gt;</subfield>
            <subfield code="c">Como</subfield>
            <subfield code="g">I-COasd</subfield>
         </datafield>
      </record>