
      <record>
         <leader>00000nz  a2200169   4500</leader>
         <controlfield tag="001">30001770</controlfield>
         <controlfield tag="003">RISM</controlfield>
         <controlfield tag="005">20160216</controlfield>
         <controlfield tag="008">160216n||az|||||||##########||||||||||||</controlfield>
         <datafield tag="040" ind1=" " ind2=" ">
            <subfield code="a">I-COc</subfield>
         </datafield>
         <datafield tag="043" ind1=" " ind2=" ">
            <subfield code="c">XA-IT</subfield>
         </datafield>
         <datafield tag="110" ind1="2" ind2=" ">
            <subfield code="a">Biblioteca comunale</subfield>
            <subfield code="c">Como</subfield>
            <subfield code="g">I-COc</subfield>
         </datafield>
         <datafield tag="622" ind1=" " ind2=" ">
            <subfield code="e">Biblioteca comunale, Piazzetta Venosto Lucati, 1, 22100 Como (CO), Italy</subfield>
            <subfield code="u">http://www.culturacomo.it/biblioteca</subfield>
         </datafield>
      </record>