
      <record>
         <leader>00000nz  a2200169   4500</leader>
         <controlfield tag="001">30004706</controlfield>
         <controlfield tag="003">RISM</controlfield>
         <controlfield tag="005">20160216</controlfield>
         <controlfield tag="008">160216n||az|||||||##########||||||||||||</controlfield>
         <datafield tag="040" ind1=" " ind2=" ">
            <subfield code="a">I-COPcm</subfield>
         </datafield>
         <datafield tag="043" ind1=" " ind2=" ">
            <subfield code="c">XA-IT</subfield>
         </datafield>
         <datafield tag="110" ind1="2" ind2=" ">
            <subfield code="a">Basilica di Santa Maria ad Nives (Chiesa Matrice), Archivio e Biblioteca</subfield>
            <subfield code="c">Copertino</subfield>
            <subfield code="g">I-COPcm</subfield>
         </datafield>
         <datafield tag="622" ind1=" " ind2=" ">
            <subfield code="e">Basilica di Santa Maria ad Nives, (Chiesa Matrice), Archivio e Biblioteca, Via M. di Savoia, I-73043 Copertino, (LE). Regione Puglia</subfield>
         </datafield>
      </record>