
      <record>
         <leader>00000nz  a2200169   4500</leader>
         <controlfield tag="001">30004707</controlfield>
         <controlfield tag="003">RISM</controlfield>
         <controlfield tag="005">20160216</controlfield>
         <controlfield tag="008">160216n||az|||||||##########||||||||||||</controlfield>
         <datafield tag="040" ind1=" " ind2=" ">
            <subfield code="a">I-COPcol</subfield>
         </datafield>
         <datafield tag="043" ind1=" " ind2=" ">
            <subfield code="c">XA-IT</subfield>
         </datafield>
         <datafield tag="110" ind1="2" ind2=" ">
            <subfield code="a">Chiesa Collegiata, Archivio</subfield>
            <subfield code="c">Copertino</subfield>
            <subfield code="g">I-COPcol</subfield>
         </datafield>
         <datafield tag="622" ind1=" " ind2=" ">
            <subfield code="e">Chiesa Collegiata, Archivio, I-73043 Copertino (LE)</subfield>
         </datafield>
      </record>