
      <record>
         <leader>00000nz  a2200169   4500</leader>
         <controlfield tag="001">30001772</controlfield>
         <controlfield tag="003">RISM</controlfield>
         <controlfield tag="005">20160216</controlfield>
         <controlfield tag="008">160216n||az|||||||##########||||||||||||</controlfield>
         <datafield tag="040" ind1=" " ind2=" ">
            <subfield code="a">I-CORc</subfield>
         </datafield>
         <datafield tag="043" ind1=" " ind2=" ">
            <subfield code="c">XA-IT</subfield>
         </datafield>
         <datafield tag="110" ind1="2" ind2=" ">
            <subfield code="a">Biblioteca comunale Giulio Einaudi</subfield>
            <subfield code="c">Correggio</subfield>
            <subfield code="g">I-CORc</subfield>
         </datafield>
         <datafield tag="622" ind1=" " ind2=" ">
            <subfield code="e">Biblioteca comunale Giulio Einaudi, Corso Cavour, 7, 42015 Correggio (RE), Italy</subfield>
            <subfield code="u">http://biblioteche.provincia.re.it/Sezione.jsp?idSezione=32</subfield>
         </datafield>
      </record>