
      <record>
         <leader>00000nz  a2200169   4500</leader>
         <controlfield tag="001">30004714</controlfield>
         <controlfield tag="003">RISM</controlfield>
         <controlfield tag="005">20160216</controlfield>
         <controlfield tag="008">160216n||az|||||||##########||||||||||||</controlfield>
         <datafield tag="040" ind1=" " ind2=" ">
            <subfield code="a">I-COSsc</subfield>
         </datafield>
         <datafield tag="043" ind1=" " ind2=" ">
            <subfield code="c">XA-IT</subfield>
         </datafield>
         <datafield tag="110" ind1="2" ind2=" ">
            <subfield code="a">Convento del SS. Crocifisso, Biblioteca</subfield>
            <subfield code="c">Cosenza</subfield>
            <subfield code="g">I-COSsc</subfield>
         </datafield>
         <datafield tag="622" ind1=" " ind2=" ">
            <subfield code="e">Convento del SS. Crocifisso, Biblioteca, Piazza Riforma, I-87100 Cosenza., Regione Calabria</subfield>
         </datafield>
      </record>