
      <record>
         <leader>00000nz  a2200169   4500</leader>
         <controlfield tag="001">30004715</controlfield>
         <controlfield tag="003">RISM</controlfield>
         <controlfield tag="005">20160216</controlfield>
         <controlfield tag="008">160216n||az|||||||##########||||||||||||</controlfield>
         <datafield tag="040" ind1=" " ind2=" ">
            <subfield code="a">I-COSsfa</subfield>
         </datafield>
         <datafield tag="043" ind1=" " ind2=" ">
            <subfield code="c">XA-IT</subfield>
         </datafield>
         <datafield tag="110" ind1="2" ind2=" ">
            <subfield code="a">Biblioteca dei Minori Conventuali (Convento di S. Francesco d'Assisi)</subfield>
            <subfield code="c">Cosenza</subfield>
            <subfield code="g">I-COSsfa</subfield>
         </datafield>
         <datafield tag="410" ind1="2" ind2=" ">
            <subfield code="a">Convento di S. Francesco d'Assisi, Biblioteca</subfield>
         </datafield>
         <datafield tag="622" ind1=" " ind2=" ">
            <subfield code="e">Biblioteca dei Minori Conventuali, (Convento di S. Francesco d'Assisi), Via S. Francesco d'Assisi, I-87100, Cosenza. Regione Calabria</subfield>
         </datafield>
      </record>