
      <record>
         <leader>00000nz  a2200169   4500</leader>
         <controlfield tag="001">30004716</controlfield>
         <controlfield tag="003">RISM</controlfield>
         <controlfield tag="005">20160216</controlfield>
         <controlfield tag="008">160216n||az|||||||##########||||||||||||</controlfield>
         <datafield tag="040" ind1=" " ind2=" ">
            <subfield code="a">I-COSsfp</subfield>
         </datafield>
         <datafield tag="043" ind1=" " ind2=" ">
            <subfield code="c">XA-IT</subfield>
         </datafield>
         <datafield tag="110" ind1="2" ind2=" ">
            <subfield code="a">Convento di S. Francesco di Paola, Biblioteca</subfield>
            <subfield code="c">Cosenza</subfield>
            <subfield code="g">I-COSsfp</subfield>
         </datafield>
         <datafield tag="622" ind1=" " ind2=" ">
            <subfield code="e">Convento di S. Francesco di Paola,, Biblioteca, Corso Plebiscito, I-87100 Cosenza., Regione Calabria</subfield>
         </datafield>
      </record>