
      <record>
         <leader>00000nz  a2200169   4500</leader>
         <controlfield tag="001">30004717</controlfield>
         <controlfield tag="003">RISM</controlfield>
         <controlfield tag="005">20160216</controlfield>
         <controlfield tag="008">160216n||az|||||||##########||||||||||||</controlfield>
         <datafield tag="040" ind1=" " ind2=" ">
            <subfield code="a">I-COTc</subfield>
         </datafield>
         <datafield tag="043" ind1=" " ind2=" ">
            <subfield code="c">XA-IT</subfield>
         </datafield>
         <datafield tag="110" ind1="2" ind2=" ">
            <subfield code="a">Biblioteca Comunale Luigi Varoli</subfield>
            <subfield code="c">Cotignola</subfield>
            <subfield code="g">I-COTc</subfield>
         </datafield>
         <datafield tag="622" ind1=" " ind2=" ">
            <subfield code="e">Biblioteca Comunale Luigi Varoli, Via Sforza 24, I-48010 Cotignola (RA)., Regione Emilia Romagna</subfield>
         </datafield>
      </record>