
      <record>
         <leader>00000nz  a2200169   4500</leader>
         <controlfield tag="001">30003447</controlfield>
         <controlfield tag="003">RISM</controlfield>
         <controlfield tag="005">20160216</controlfield>
         <controlfield tag="008">160216n||az|||||||##########||||||||||||</controlfield>
         <datafield tag="040" ind1=" " ind2=" ">
            <subfield code="a">I-CPa</subfield>
         </datafield>
         <datafield tag="043" ind1=" " ind2=" ">
            <subfield code="c">XA-IT</subfield>
         </datafield>
         <datafield tag="110" ind1="2" ind2=" ">
            <subfield code="a">Archivio Storico Comunale Paolo Guaitoli della Commissione di Storia Patria</subfield>
            <subfield code="c">Carpi</subfield>
            <subfield code="g">I-CPa</subfield>
         </datafield>
         <datafield tag="410" ind1="2" ind2=" ">
            <subfield code="a">Archivio Storico Comunale Paolo Guaitoli Civico Museo Storico Artstico Giulio Ferrari</subfield>
         </datafield>
         <datafield tag="410" ind1="2" ind2=" ">
            <subfield code="a">Archivio Paolo Guaitoli della Commissione di Storia Patria de Carpi</subfield>
         </datafield>
         <datafield tag="622" ind1=" " ind2=" ">
            <subfield code="e">Archivio Storico Comunale Paolo, Guaitoli della Commissione di Storia, Patria, Castello dei Pio di Savoia, I-41012, Carpi (MO). Regione Emilia Romagna</subfield>
         </datafield>
      </record>