
      <record>
         <leader>00000nz  a2200169   4500</leader>
         <controlfield tag="001">30005100</controlfield>
         <controlfield tag="003">RISM</controlfield>
         <controlfield tag="005">20160216</controlfield>
         <controlfield tag="008">160216n||az|||||||##########||||||||||||</controlfield>
         <datafield tag="040" ind1=" " ind2=" ">
            <subfield code="a">I-CPit</subfield>
         </datafield>
         <datafield tag="043" ind1=" " ind2=" ">
            <subfield code="c">XA-IT</subfield>
         </datafield>
         <datafield tag="110" ind1="2" ind2=" ">
            <subfield code="a">Istituto Musicale Pareggiato A. Tonelli, Biblioteca</subfield>
            <subfield code="c">Carpi</subfield>
            <subfield code="g">I-CPit</subfield>
         </datafield>
         <datafield tag="410" ind1="2" ind2=" ">
            <subfield code="a">Istituto Pareggiato A. Tonelli, Biblioteca</subfield>
         </datafield>
         <datafield tag="622" ind1=" " ind2=" ">
            <subfield code="e">Istituto Musicale Pareggiato A., Tonelli, Biblioteca, Via S. Rocco 15, I-41012 Carpi (MO)., Regione Emilia Romagna</subfield>
         </datafield>
      </record>