
      <record>
         <leader>00000nz  a2200169   4500</leader>
         <controlfield tag="001">30080331</controlfield>
         <controlfield tag="003">RISM</controlfield>
         <controlfield tag="005">20160216</controlfield>
         <controlfield tag="008">160216n||az|||||||##########||||||||||||</controlfield>
         <datafield tag="040" ind1=" " ind2=" ">
            <subfield code="a">I-CPNc</subfield>
         </datafield>
         <datafield tag="043" ind1=" " ind2=" ">
            <subfield code="c">XA-IT</subfield>
         </datafield>
         <datafield tag="110" ind1="2" ind2=" ">
            <subfield code="a">Biblioteca comunale Alfredo Signoretti</subfield>
            <subfield code="c">Capranica</subfield>
            <subfield code="g">I-CPNc</subfield>
         </datafield>
         <datafield tag="622" ind1=" " ind2=" ">
            <subfield code="e">Biblioteca comunale Alfredo Signoretti, Piazza VII Luglio, 6, 01012 Capranica (VT), Italy</subfield>
            <subfield code="u">http://www.comune.capranica.vt.it/interna.asp?idPag=36</subfield>
         </datafield>
      </record>