
      <record>
         <leader>00000nz  a2200169   4500</leader>
         <controlfield tag="001">30004671</controlfield>
         <controlfield tag="003">RISM</controlfield>
         <controlfield tag="005">20160216</controlfield>
         <controlfield tag="008">160216n||az|||||||##########||||||||||||</controlfield>
         <datafield tag="040" ind1=" " ind2=" ">
            <subfield code="a">I-CPRic</subfield>
         </datafield>
         <datafield tag="043" ind1=" " ind2=" ">
            <subfield code="c">XA-IT</subfield>
         </datafield>
         <datafield tag="110" ind1="2" ind2=" ">
            <subfield code="a">Biblioteca Caprense Ignazio Cerio</subfield>
            <subfield code="c">Capri</subfield>
            <subfield code="g">I-CPRic</subfield>
         </datafield>
         <datafield tag="410" ind1="2" ind2=" ">
            <subfield code="a">Centro Caprese Ignazio Cerio, Biblioteca</subfield>
         </datafield>
         <datafield tag="622" ind1=" " ind2=" ">
            <subfield code="e">Biblioteca Caprense Ignazio Cerio, Piazzetta Ignazio Cerio 8, I-80073, Capri (NA). Regione Campania</subfield>
         </datafield>
      </record>