
      <record>
         <leader>00000nz  a2200169   4500</leader>
         <controlfield tag="001">30080332</controlfield>
         <controlfield tag="003">RISM</controlfield>
         <controlfield tag="005">20160216</controlfield>
         <controlfield tag="008">160216n||az|||||||##########||||||||||||</controlfield>
         <datafield tag="040" ind1=" " ind2=" ">
            <subfield code="a">I-CPTc</subfield>
         </datafield>
         <datafield tag="043" ind1=" " ind2=" ">
            <subfield code="c">XA-IT</subfield>
         </datafield>
         <datafield tag="110" ind1="2" ind2=" ">
            <subfield code="a">Biblioteca comunale</subfield>
            <subfield code="c">Carpineto Romano</subfield>
            <subfield code="g">I-CPTc</subfield>
         </datafield>
         <datafield tag="622" ind1=" " ind2=" ">
            <subfield code="e">Biblioteca comunale, Via G. Matteotti, 58, 00032 Carpineto Romano (RM), Italy</subfield>
            <subfield code="u">http://www.carpinetoromano.it/il-cittadino/biblioteca.html</subfield>
         </datafield>
      </record>