
      <record>
         <leader>00000nz  a2200169   4500</leader>
         <controlfield tag="001">30004710</controlfield>
         <controlfield tag="003">RISM</controlfield>
         <controlfield tag="005">20160216</controlfield>
         <controlfield tag="008">160216n||az|||||||##########||||||||||||</controlfield>
         <datafield tag="040" ind1=" " ind2=" ">
            <subfield code="a">I-CRCsm</subfield>
         </datafield>
         <datafield tag="043" ind1=" " ind2=" ">
            <subfield code="c">XA-IT</subfield>
         </datafield>
         <datafield tag="110" ind1="2" ind2=" ">
            <subfield code="a">Chiesa Arcipretale Matrice di S. Maria Maggiore</subfield>
            <subfield code="c">Corigliano Calabro</subfield>
            <subfield code="g">I-CRCsm</subfield>
         </datafield>
         <datafield tag="622" ind1=" " ind2=" ">
            <subfield code="e">Chiesa Arcipretale Matrice di S. Maria, Maggiore, Via Toscano 12, I-87064 Corigliano, Calabro (CS). Regione Calabria</subfield>
         </datafield>
      </record>