
      <record>
         <leader>00000nz  a2200169   4500</leader>
         <controlfield tag="001">30001774</controlfield>
         <controlfield tag="003">RISM</controlfield>
         <controlfield tag="005">20160216</controlfield>
         <controlfield tag="008">160216n||az|||||||##########||||||||||||</controlfield>
         <datafield tag="040" ind1=" " ind2=" ">
            <subfield code="a">I-CRE</subfield>
         </datafield>
         <datafield tag="043" ind1=" " ind2=" ">
            <subfield code="c">XA-IT</subfield>
         </datafield>
         <datafield tag="110" ind1="2" ind2=" ">
            <subfield code="a">Biblioteca comunale</subfield>
            <subfield code="c">Crema</subfield>
            <subfield code="g">I-CRE</subfield>
         </datafield>
         <datafield tag="622" ind1=" " ind2=" ">
            <subfield code="e">Biblioteca comunale, Via Civerchi, 9, 26013 Crema (CR), Italy</subfield>
            <subfield code="u">http://www.comune.crema.cr.it/uffici-z/biblioteca</subfield>
         </datafield>
      </record>