
      <record>
         <leader>00000nz  a2200169   4500</leader>
         <controlfield tag="001">30001775</controlfield>
         <controlfield tag="003">RISM</controlfield>
         <controlfield tag="005">20160216</controlfield>
         <controlfield tag="008">160216n||az|||||||##########||||||||||||</controlfield>
         <datafield tag="040" ind1=" " ind2=" ">
            <subfield code="a">I-CREi</subfield>
         </datafield>
         <datafield tag="043" ind1=" " ind2=" ">
            <subfield code="c">XA-IT</subfield>
         </datafield>
         <datafield tag="110" ind1="2" ind2=" ">
            <subfield code="a">Istituto Musicale L. Folcioni, Biblioteca</subfield>
            <subfield code="c">Crema</subfield>
            <subfield code="g">I-CREi</subfield>
         </datafield>
         <datafield tag="622" ind1=" " ind2=" ">
            <subfield code="e">Istituto Musicale L. Folcioni,, Biblioteca, Piazza Aldo Moro 12, I-26013 Crema, (CR). Regione Lombardia</subfield>
         </datafield>
      </record>