
      <record>
         <leader>00000nz  a2200169   4500</leader>
         <controlfield tag="001">30004719</controlfield>
         <controlfield tag="003">RISM</controlfield>
         <controlfield tag="005">20160216</controlfield>
         <controlfield tag="008">160216n||az|||||||##########||||||||||||</controlfield>
         <datafield tag="040" ind1=" " ind2=" ">
            <subfield code="a">I-CREsmc</subfield>
         </datafield>
         <datafield tag="043" ind1=" " ind2=" ">
            <subfield code="c">XA-IT</subfield>
         </datafield>
         <datafield tag="110" ind1="2" ind2=" ">
            <subfield code="a">S. Maria della Croce, Archivio</subfield>
            <subfield code="c">Crema</subfield>
            <subfield code="g">I-CREsmc</subfield>
         </datafield>
         <datafield tag="622" ind1=" " ind2=" ">
            <subfield code="e">S. Maria della Croce, Archivio, Piazza Duomo 27, I-26013 Crema (CR)., Regione Lombardia</subfield>
         </datafield>
      </record>