
      <record>
         <leader>00000nz  a2200169   4500</leader>
         <controlfield tag="001">30001773</controlfield>
         <controlfield tag="003">RISM</controlfield>
         <controlfield tag="005">20160216</controlfield>
         <controlfield tag="008">160216n||az|||||||##########||||||||||||</controlfield>
         <datafield tag="040" ind1=" " ind2=" ">
            <subfield code="a">I-CRg</subfield>
         </datafield>
         <datafield tag="043" ind1=" " ind2=" ">
            <subfield code="c">XA-IT</subfield>
         </datafield>
         <datafield tag="110" ind1="2" ind2=" ">
            <subfield code="a">Biblioteca statale</subfield>
            <subfield code="c">Cremona</subfield>
            <subfield code="g">I-CRg</subfield>
         </datafield>
         <datafield tag="410" ind1="2" ind2=" ">
            <subfield code="a">Biblioteca governativa</subfield>
         </datafield>
         <datafield tag="410" ind1="2" ind2=" ">
            <subfield code="a">Libreria civica di Cremona</subfield>
         </datafield>
         <datafield tag="622" ind1=" " ind2=" ">
            <subfield code="e">Biblioteca statale, Via Ugolani Dati, 4, 26100 Cremona (CR), Italy</subfield>
            <subfield code="u">http://www.bibliocremona.it/</subfield>
         </datafield>
      </record>