
      <record>
         <leader>00000nz  a2200169   4500</leader>
         <controlfield tag="001">30005098</controlfield>
         <controlfield tag="003">RISM</controlfield>
         <controlfield tag="005">20160216</controlfield>
         <controlfield tag="008">160216n||az|||||||##########||||||||||||</controlfield>
         <datafield tag="040" ind1=" " ind2=" ">
            <subfield code="a">I-CRMsm</subfield>
         </datafield>
         <datafield tag="043" ind1=" " ind2=" ">
            <subfield code="c">XA-IT</subfield>
         </datafield>
         <datafield tag="110" ind1="2" ind2=" ">
            <subfield code="a">Biblioteca dell'ex Convento (Parrocchia S. Michele)</subfield>
            <subfield code="c">Carmignano</subfield>
            <subfield code="g">I-CRMsm</subfield>
         </datafield>
         <datafield tag="622" ind1=" " ind2=" ">
            <subfield code="e">Biblioteca dell'ex Convento (Parrocchia, S. Michele), Piazza SS. Francesco e Michele 1, I, -Carmignano (FI). Regione Toscana</subfield>
         </datafield>
      </record>