
      <record>
         <leader>00000nz  a2200169   4500</leader>
         <controlfield tag="001">30005130</controlfield>
         <controlfield tag="003">RISM</controlfield>
         <controlfield tag="005">20160216</controlfield>
         <controlfield tag="008">160216n||az|||||||##########||||||||||||</controlfield>
         <datafield tag="040" ind1=" " ind2=" ">
            <subfield code="a">I-CRpl</subfield>
         </datafield>
         <datafield tag="043" ind1=" " ind2=" ">
            <subfield code="c">XA-IT</subfield>
         </datafield>
         <datafield tag="110" ind1="2" ind2=" ">
            <subfield code="a">Istituto Professionale Internazionale per l'Artigianato Liutario e del Legno, Sezione Liuteria di Palazzo Raimondi, Biblioteca</subfield>
            <subfield code="c">Cremona</subfield>
            <subfield code="g">I-CRpl</subfield>
         </datafield>
         <datafield tag="410" ind1="2" ind2=" ">
            <subfield code="a">Scuola Internazionale di Liuteria, Biblioteca</subfield>
         </datafield>
         <datafield tag="622" ind1=" " ind2=" ">
            <subfield code="e">Istituto Professionale Internazionale, per l'Artigianato Liutario e del Legno,, Sezione Liuteria di Palazzo Raimondi,, Biblioteca, Corso Garibaldi 178, I-26100 Cremona., Regione Lombardia</subfield>
         </datafield>
      </record>