
      <record>
         <leader>00000nz  a2200169   4500</leader>
         <controlfield tag="001">30004720</controlfield>
         <controlfield tag="003">RISM</controlfield>
         <controlfield tag="005">20160216</controlfield>
         <controlfield tag="008">160216n||az|||||||##########||||||||||||</controlfield>
         <datafield tag="040" ind1=" " ind2=" ">
            <subfield code="a">I-CRsa</subfield>
         </datafield>
         <datafield tag="043" ind1=" " ind2=" ">
            <subfield code="c">XA-IT</subfield>
         </datafield>
         <datafield tag="110" ind1="2" ind2=" ">
            <subfield code="a">Parrocchia di S. Agostino, Biblioteca</subfield>
            <subfield code="c">Cremona</subfield>
            <subfield code="g">I-CRsa</subfield>
         </datafield>
         <datafield tag="410" ind1="2" ind2=" ">
            <subfield code="a">Biblioteca della Chiesa Parrocchiale di S. Agostino</subfield>
         </datafield>
         <datafield tag="622" ind1=" " ind2=" ">
            <subfield code="e">Parrocchia di S. Agostino, Biblioteca, Via Plasio 4, I-26100 Cremona. Regione, Lombardia</subfield>
         </datafield>
      </record>