
      <record>
         <leader>00000nz  a2200169   4500</leader>
         <controlfield tag="001">30005788</controlfield>
         <controlfield tag="003">RISM</controlfield>
         <controlfield tag="005">20160216</controlfield>
         <controlfield tag="008">160216n||az|||||||##########||||||||||||</controlfield>
         <datafield tag="040" ind1=" " ind2=" ">
            <subfield code="a">I-CRsd</subfield>
         </datafield>
         <datafield tag="043" ind1=" " ind2=" ">
            <subfield code="c">XA-IT</subfield>
         </datafield>
         <datafield tag="110" ind1="2" ind2=" ">
            <subfield code="a">Archivio Storico Diocesano</subfield>
            <subfield code="c">Cremona</subfield>
            <subfield code="g">I-CRsd</subfield>
         </datafield>
         <datafield tag="410" ind1="2" ind2=" ">
            <subfield code="a">Fondo musicale della schola cantorum S. Gregorio Magno del Seminario di Cremona</subfield>
         </datafield>
      </record>