
      <record>
         <leader>00000nz  a2200169   4500</leader>
         <controlfield tag="001">30004721</controlfield>
         <controlfield tag="003">RISM</controlfield>
         <controlfield tag="005">20160216</controlfield>
         <controlfield tag="008">160216n||az|||||||##########||||||||||||</controlfield>
         <datafield tag="040" ind1=" " ind2=" ">
            <subfield code="a">I-CRsp</subfield>
         </datafield>
         <datafield tag="043" ind1=" " ind2=" ">
            <subfield code="c">XA-IT</subfield>
         </datafield>
         <datafield tag="110" ind1="2" ind2=" ">
            <subfield code="a">Facoltà di Musicologia di Università degli studi di Pavia</subfield>
            <subfield code="c">Cremona</subfield>
            <subfield code="g">I-CRsp</subfield>
         </datafield>
         <datafield tag="410" ind1="2" ind2=" ">
            <subfield code="a">Scuola di Paleografia e Filologia Musicale, Biblioteca</subfield>
         </datafield>
         <datafield tag="622" ind1=" " ind2=" ">
            <subfield code="e">Facoltà di Musicologia di Università, degli studi di Pavia, Corso Garibaldi 178, I-26100 Cremona., Regione Lombardia</subfield>
         </datafield>
      </record>