
      <record>
         <leader>00000nz  a2200169   4500</leader>
         <controlfield tag="001">30080333</controlfield>
         <controlfield tag="003">RISM</controlfield>
         <controlfield tag="005">20160216</controlfield>
         <controlfield tag="008">160216n||az|||||||##########||||||||||||</controlfield>
         <datafield tag="040" ind1=" " ind2=" ">
            <subfield code="a">I-CSac</subfield>
         </datafield>
         <datafield tag="043" ind1=" " ind2=" ">
            <subfield code="c">XA-IT</subfield>
         </datafield>
         <datafield tag="110" ind1="2" ind2=" ">
            <subfield code="a">Archivio comunale</subfield>
            <subfield code="c">Casperia</subfield>
            <subfield code="g">I-CSac</subfield>
         </datafield>
         <datafield tag="622" ind1=" " ind2=" ">
            <subfield code="e">Archivio comunale, Comune di Casperia, Piazza del Municipio, 13, 02041 Casperia (RI), Italy</subfield>
            <subfield code="u">http://www.culturalazio.it/archivi/casperia/</subfield>
         </datafield>
      </record>