
      <record>
         <leader>00000nz  a2200169   4500</leader>
         <controlfield tag="001">30004682</controlfield>
         <controlfield tag="003">RISM</controlfield>
         <controlfield tag="005">20160216</controlfield>
         <controlfield tag="008">160216n||az|||||||##########||||||||||||</controlfield>
         <datafield tag="040" ind1=" " ind2=" ">
            <subfield code="a">I-CSFc</subfield>
         </datafield>
         <datafield tag="043" ind1=" " ind2=" ">
            <subfield code="c">XA-IT</subfield>
         </datafield>
         <datafield tag="110" ind1="2" ind2=" ">
            <subfield code="a">Biblioteca Comunale Vallesiana</subfield>
            <subfield code="c">Castelfiorentino</subfield>
            <subfield code="g">I-CSFc</subfield>
         </datafield>
         <datafield tag="622" ind1=" " ind2=" ">
            <subfield code="e">Biblioteca Comunale Vallesiana, Via Michelangelo Tilli 41, I-50051, Castelfiorentino (FI). Regione Toscana</subfield>
         </datafield>
      </record>