
      <record>
         <leader>00000nz  a2200169   4500</leader>
         <controlfield tag="001">30004675</controlfield>
         <controlfield tag="003">RISM</controlfield>
         <controlfield tag="005">20160216</controlfield>
         <controlfield tag="008">160216n||az|||||||##########||||||||||||</controlfield>
         <datafield tag="040" ind1=" " ind2=" ">
            <subfield code="a">I-CSNp</subfield>
         </datafield>
         <datafield tag="043" ind1=" " ind2=" ">
            <subfield code="c">XA-IT</subfield>
         </datafield>
         <datafield tag="110" ind1="2" ind2=" ">
            <subfield code="a">Archivio Parrocchiale della Chiesa di S. Maria Assunta di Castion &lt;Castion&gt;</subfield>
            <subfield code="c">Castion</subfield>
            <subfield code="g">I-CSNp</subfield>
         </datafield>
         <datafield tag="622" ind1=" " ind2=" ">
            <subfield code="e">Archivio Parrocchiale, Piazza Capraro 1, I-Castion (BL)., Regione Veneto</subfield>
         </datafield>
      </record>