
      <record>
         <leader>00000nz  a2200169   4500</leader>
         <controlfield tag="001">30005108</controlfield>
         <controlfield tag="003">RISM</controlfield>
         <controlfield tag="005">20160216</controlfield>
         <controlfield tag="008">160216n||az|||||||##########||||||||||||</controlfield>
         <datafield tag="040" ind1=" " ind2=" ">
            <subfield code="a">I-CSOp</subfield>
         </datafield>
         <datafield tag="043" ind1=" " ind2=" ">
            <subfield code="c">XA-IT</subfield>
         </datafield>
         <datafield tag="110" ind1="2" ind2=" ">
            <subfield code="a">Parrocchia dei SS. Stefano e Lorenzo, Archivio</subfield>
            <subfield code="c">Castiglione Olona</subfield>
            <subfield code="g">I-CSOp</subfield>
         </datafield>
         <datafield tag="622" ind1=" " ind2=" ">
            <subfield code="e">Parrocchia dei SS. Stefano e Lorenzo,, Archivio, Via Giuseppe Verdi 15, I-21043, Castiglione Olona (VA). Regione, Lombardia</subfield>
         </datafield>
      </record>