
      <record>
         <leader>00000nz  a2200169   4500</leader>
         <controlfield tag="001">30005103</controlfield>
         <controlfield tag="003">RISM</controlfield>
         <controlfield tag="005">20160216</controlfield>
         <controlfield tag="008">160216n||az|||||||##########||||||||||||</controlfield>
         <datafield tag="040" ind1=" " ind2=" ">
            <subfield code="a">I-CSPsv</subfield>
         </datafield>
         <datafield tag="043" ind1=" " ind2=" ">
            <subfield code="c">XA-IT</subfield>
         </datafield>
         <datafield tag="110" ind1="2" ind2=" ">
            <subfield code="a">Parrocchia di S. Vittore Martire, Archivio</subfield>
            <subfield code="c">Casorate Primo</subfield>
            <subfield code="g">I-CSPsv</subfield>
         </datafield>
         <datafield tag="410" ind1="2" ind2=" ">
            <subfield code="a">Parrocchia di S. Vittore, Archivio</subfield>
         </datafield>
         <datafield tag="622" ind1=" " ind2=" ">
            <subfield code="e">Parrocchia di S. Vittore Martire,, Archivio, Piazza Contardi 18, I-27022 Casorate, Primo (PV). Regione Lombardia</subfield>
         </datafield>
      </record>