
      <record>
         <leader>00000nz  a2200169   4500</leader>
         <controlfield tag="001">30003075</controlfield>
         <controlfield tag="003">RISM</controlfield>
         <controlfield tag="005">20160216</controlfield>
         <controlfield tag="008">160216n||az|||||||##########||||||||||||</controlfield>
         <datafield tag="040" ind1=" " ind2=" ">
            <subfield code="a">I-CT</subfield>
         </datafield>
         <datafield tag="043" ind1=" " ind2=" ">
            <subfield code="c">XA-IT</subfield>
         </datafield>
         <datafield tag="110" ind1="2" ind2=" ">
            <subfield code="a">Biblioteca del Comune e dell'Accademia Etrusca</subfield>
            <subfield code="c">Cortona</subfield>
            <subfield code="g">I-CT</subfield>
         </datafield>
         <datafield tag="622" ind1=" " ind2=" ">
            <subfield code="e">Biblioteca del Comune e dell'Accademia,  Etrusca, Piazza Signorelli, 9, 52044 Cortona (AR), Italy</subfield>
            <subfield code="u">http://www.comunedicortona.it/turismo-e-cultura/biblioteca/</subfield>
         </datafield>
      </record>