
      <record>
         <leader>00000nz  a2200169   4500</leader>
         <controlfield tag="001">30004698</controlfield>
         <controlfield tag="003">RISM</controlfield>
         <controlfield tag="005">20160216</controlfield>
         <controlfield tag="008">160216n||az|||||||##########||||||||||||</controlfield>
         <datafield tag="040" ind1=" " ind2=" ">
            <subfield code="a">I-CTZlg</subfield>
         </datafield>
         <datafield tag="043" ind1=" " ind2=" ">
            <subfield code="c">XA-IT</subfield>
         </datafield>
         <datafield tag="110" ind1="2" ind2=" ">
            <subfield code="a">Liceo P. Galuppi, Biblioteca</subfield>
            <subfield code="c">Catanzaro</subfield>
            <subfield code="g">I-CTZlg</subfield>
         </datafield>
         <datafield tag="622" ind1=" " ind2=" ">
            <subfield code="e">Liceo P. Galuppi, Biblioteca, Via A. De Gasperi, I-88100 Catanzaro., Regione Calabria</subfield>
         </datafield>
      </record>