
      <record>
         <leader>00000nz  a2200169   4500</leader>
         <controlfield tag="001">30005790</controlfield>
         <controlfield tag="003">RISM</controlfield>
         <controlfield tag="005">20160216</controlfield>
         <controlfield tag="008">160216n||az|||||||##########||||||||||||</controlfield>
         <datafield tag="040" ind1=" " ind2=" ">
            <subfield code="a">I-CUPdottori</subfield>
         </datafield>
         <datafield tag="043" ind1=" " ind2=" ">
            <subfield code="c">XA-IT</subfield>
         </datafield>
         <datafield tag="110" ind1="2" ind2=" ">
            <subfield code="a">Biblioteca privata Dottori</subfield>
            <subfield code="c">Cupramontana</subfield>
            <subfield code="g">I-CUPdottori</subfield>
         </datafield>
      </record>