
      <record>
         <leader>00000nz  a2200169   4500</leader>
         <controlfield tag="001">30005611</controlfield>
         <controlfield tag="003">RISM</controlfield>
         <controlfield tag="005">20160216</controlfield>
         <controlfield tag="008">160216n||az|||||||##########||||||||||||</controlfield>
         <datafield tag="040" ind1=" " ind2=" ">
            <subfield code="a">I-CVAf</subfield>
         </datafield>
         <datafield tag="043" ind1=" " ind2=" ">
            <subfield code="c">XA-IT</subfield>
         </datafield>
         <datafield tag="110" ind1="2" ind2=" ">
            <subfield code="a">Biblioteca dei Francescani (Convento di San Vigilio)</subfield>
            <subfield code="c">Cavalese</subfield>
            <subfield code="g">I-CVAf</subfield>
         </datafield>
         <datafield tag="410" ind1="2" ind2=" ">
            <subfield code="a">Convento dei Minori Francescani di S. Vigilio, Biblioteca</subfield>
         </datafield>
         <datafield tag="410" ind1="2" ind2=" ">
            <subfield code="a">Biblioteca del Convento dei Mignori Fracescani di S. Viglio</subfield>
         </datafield>
         <datafield tag="622" ind1=" " ind2=" ">
            <subfield code="e">Biblioteca dei Francescani (Convento di, San Vigilio), Piazza Dante Alighieri I-38033 Cavalese, (TN). Regione Trentino Alto Adige</subfield>
         </datafield>
      </record>