
      <record>
         <leader>00000nz  a2200169   4500</leader>
         <controlfield tag="001">30005610</controlfield>
         <controlfield tag="003">RISM</controlfield>
         <controlfield tag="005">20160216</controlfield>
         <controlfield tag="008">160216n||az|||||||##########||||||||||||</controlfield>
         <datafield tag="040" ind1=" " ind2=" ">
            <subfield code="a">I-CVc</subfield>
         </datafield>
         <datafield tag="043" ind1=" " ind2=" ">
            <subfield code="c">XA-IT</subfield>
         </datafield>
         <datafield tag="110" ind1="2" ind2=" ">
            <subfield code="a">Biblioteca Comunale Leonardo Centonze</subfield>
            <subfield code="c">Castelvetrano</subfield>
            <subfield code="g">I-CVc</subfield>
         </datafield>
         <datafield tag="410" ind1="2" ind2=" ">
            <subfield code="a">Biblioteca Comunale</subfield>
         </datafield>
         <datafield tag="622" ind1=" " ind2=" ">
            <subfield code="e">Biblioteca Comunale Leonardo Centonze, Piazza Regina Margherita, I-91022, Castelvetrano (TP). Regione Sicilia</subfield>
         </datafield>
      </record>