
      <record>
         <leader>00000nz  a2200169   4500</leader>
         <controlfield tag="001">30080335</controlfield>
         <controlfield tag="003">RISM</controlfield>
         <controlfield tag="005">20160216</controlfield>
         <controlfield tag="008">160216n||az|||||||##########||||||||||||</controlfield>
         <datafield tag="040" ind1=" " ind2=" ">
            <subfield code="a">I-CVEc</subfield>
         </datafield>
         <datafield tag="043" ind1=" " ind2=" ">
            <subfield code="c">XA-IT</subfield>
         </datafield>
         <datafield tag="110" ind1="2" ind2=" ">
            <subfield code="a">Civica Biblioteca Cavense</subfield>
            <subfield code="c">Cave</subfield>
            <subfield code="g">I-CVEc</subfield>
         </datafield>
         <datafield tag="622" ind1=" " ind2=" ">
            <subfield code="e">Civica Biblioteca Cavense, Viale Giorgioli, 33, 00033 Cave (RM), Italy</subfield>
            <subfield code="u">http://goo.gl/oQ1Y5j</subfield>
         </datafield>
      </record>