
      <record>
         <leader>00000nz  a2200169   4500</leader>
         <controlfield tag="001">30005135</controlfield>
         <controlfield tag="003">RISM</controlfield>
         <controlfield tag="005">20160216</controlfield>
         <controlfield tag="008">160216n||az|||||||##########||||||||||||</controlfield>
         <datafield tag="040" ind1=" " ind2=" ">
            <subfield code="a">I-DAc</subfield>
         </datafield>
         <datafield tag="043" ind1=" " ind2=" ">
            <subfield code="c">XA-IT</subfield>
         </datafield>
         <datafield tag="110" ind1="2" ind2=" ">
            <subfield code="a">Conservatorio di Musica C. Venturi, Biblioteca</subfield>
            <subfield code="c">Darfo-Boario Terme</subfield>
            <subfield code="g">I-DAc</subfield>
         </datafield>
         <datafield tag="410" ind1="2" ind2=" ">
            <subfield code="a">Conservatorio Statale di Musica C. Venturi, Biblioteca</subfield>
         </datafield>
         <datafield tag="622" ind1=" " ind2=" ">
            <subfield code="e">Conservatorio di Musica C. Venturi,, Biblioteca, Via Quartieroni 10, I-25047 Darfo, -Boario Terme (BS). Regione Lombardia</subfield>
         </datafield>
      </record>