
      <record>
         <leader>00000nz  a2200169   4500</leader>
         <controlfield tag="001">30004724</controlfield>
         <controlfield tag="003">RISM</controlfield>
         <controlfield tag="005">20160216</controlfield>
         <controlfield tag="008">160216n||az|||||||##########||||||||||||</controlfield>
         <datafield tag="040" ind1=" " ind2=" ">
            <subfield code="a">I-DGml</subfield>
         </datafield>
         <datafield tag="043" ind1=" " ind2=" ">
            <subfield code="c">XA-IT</subfield>
         </datafield>
         <datafield tag="110" ind1="2" ind2=" ">
            <subfield code="a">Convento Francescano (Convento Madonna delle Lacrime), Biblioteca</subfield>
            <subfield code="c">Dongo</subfield>
            <subfield code="g">I-DGml</subfield>
         </datafield>
         <datafield tag="410" ind1="2" ind2=" ">
            <subfield code="a">Minori Francescani (Convento Madonna delle Lacrime), Biblioteca</subfield>
         </datafield>
         <datafield tag="410" ind1="2" ind2=" ">
            <subfield code="a">Biblioteca dei Minori Francescani (Convcento Madonna delle Lacrime)</subfield>
         </datafield>
         <datafield tag="622" ind1=" " ind2=" ">
            <subfield code="e">Convento Francescano (Convento Madonna, delle Lacrime), Biblioteca, Convento Madonna dell Lacrime, I-22014, Dongo (CO). Regione Lombardia</subfield>
         </datafield>
      </record>