
      <record>
         <leader>00000nz  a2200169   4500</leader>
         <controlfield tag="001">30003449</controlfield>
         <controlfield tag="003">RISM</controlfield>
         <controlfield tag="005">20160216</controlfield>
         <controlfield tag="008">160216n||az|||||||##########||||||||||||</controlfield>
         <datafield tag="040" ind1=" " ind2=" ">
            <subfield code="a">I-DO</subfield>
         </datafield>
         <datafield tag="043" ind1=" " ind2=" ">
            <subfield code="c">XA-IT</subfield>
         </datafield>
         <datafield tag="110" ind1="2" ind2=" ">
            <subfield code="a">Biblioteca e Archivio dei Rosminiani di Monte Calvario</subfield>
            <subfield code="c">Domodossola</subfield>
            <subfield code="g">I-DO</subfield>
         </datafield>
         <datafield tag="410" ind1="2" ind2=" ">
            <subfield code="a">Biblioteca dei Padri Rosminiani di Monte Calvario</subfield>
         </datafield>
         <datafield tag="580" ind1=" " ind2=" ">
            <subfield code="x">I-ST</subfield>
            <subfield code="0">30001943</subfield>
         </datafield>
      </record>