
      <record>
         <leader>00000nz  a2200169   4500</leader>
         <controlfield tag="001">30005137</controlfield>
         <controlfield tag="003">RISM</controlfield>
         <controlfield tag="005">20160216</controlfield>
         <controlfield tag="008">160216n||az|||||||##########||||||||||||</controlfield>
         <datafield tag="040" ind1=" " ind2=" ">
            <subfield code="a">I-DUh</subfield>
         </datafield>
         <datafield tag="043" ind1=" " ind2=" ">
            <subfield code="c">XA-IT</subfield>
         </datafield>
         <datafield tag="110" ind1="2" ind2=" ">
            <subfield code="a">Castello Hohenlohe, Biblioteca</subfield>
            <subfield code="c">Duino</subfield>
            <subfield code="g">I-DUh</subfield>
         </datafield>
         <datafield tag="622" ind1=" " ind2=" ">
            <subfield code="e">Castello Hohenlohe, Biblioteca, I-34013 Duino (TS). Regione Friuli, Venezia Giulia</subfield>
         </datafield>
      </record>