
      <record>
         <leader>00000nz  a2200169   4500</leader>
         <controlfield tag="001">30005138</controlfield>
         <controlfield tag="003">RISM</controlfield>
         <controlfield tag="005">20160216</controlfield>
         <controlfield tag="008">160216n||az|||||||##########||||||||||||</controlfield>
         <datafield tag="040" ind1=" " ind2=" ">
            <subfield code="a">I-EMI</subfield>
         </datafield>
         <datafield tag="043" ind1=" " ind2=" ">
            <subfield code="c">XA-IT</subfield>
         </datafield>
         <datafield tag="110" ind1="2" ind2=" ">
            <subfield code="a">Colleggiata di S. Andrea, Museo</subfield>
            <subfield code="c">Empoli</subfield>
            <subfield code="g">I-EMI</subfield>
         </datafield>
         <datafield tag="622" ind1=" " ind2=" ">
            <subfield code="e">Colleggiata di S. Andrea, Museo, Piazzetta della Prepositura, I-50053, Empoli (FI). Regione Toscana</subfield>
         </datafield>
      </record>