
      <record>
         <leader>00000nz  a2200169   4500</leader>
         <controlfield tag="001">30070276</controlfield>
         <controlfield tag="003">RISM</controlfield>
         <controlfield tag="005">20160216</controlfield>
         <controlfield tag="008">160216n||az|||||||##########||||||||||||</controlfield>
         <datafield tag="040" ind1=" " ind2=" ">
            <subfield code="a">I-EMIfb</subfield>
         </datafield>
         <datafield tag="043" ind1=" " ind2=" ">
            <subfield code="c">XA-IT</subfield>
         </datafield>
         <datafield tag="110" ind1="2" ind2=" ">
            <subfield code="a">Centro Studi Musicali Ferrucio Busoni &lt;Empoli&gt;</subfield>
            <subfield code="c">Empoli</subfield>
            <subfield code="g">I-EMIfb</subfield>
         </datafield>
      </record>