
      <record>
         <leader>00000nz  a2200169   4500</leader>
         <controlfield tag="001">30003455</controlfield>
         <controlfield tag="003">RISM</controlfield>
         <controlfield tag="005">20160216</controlfield>
         <controlfield tag="008">160216n||az|||||||##########||||||||||||</controlfield>
         <datafield tag="040" ind1=" " ind2=" ">
            <subfield code="a">I-FAd</subfield>
         </datafield>
         <datafield tag="043" ind1=" " ind2=" ">
            <subfield code="c">XA-IT</subfield>
         </datafield>
         <datafield tag="110" ind1="2" ind2=" ">
            <subfield code="a">Duomo (S. Venanzio), Biblioteca Capitolare</subfield>
            <subfield code="c">Fabriano</subfield>
            <subfield code="g">I-FAd</subfield>
         </datafield>
         <datafield tag="410" ind1="2" ind2=" ">
            <subfield code="a">Archivio capitolare del Duomo (S. Venanzo)</subfield>
         </datafield>
         <datafield tag="622" ind1=" " ind2=" ">
            <subfield code="e">Duomo (S. Venanzio), Biblioteca, Capitolare, Via Balbo 5, I-60044 Fabriano (AN)., Regione Marche</subfield>
         </datafield>
      </record>