
      <record>
         <leader>00000nz  a2200169   4500</leader>
         <controlfield tag="001">30001787</controlfield>
         <controlfield tag="003">RISM</controlfield>
         <controlfield tag="005">20160216</controlfield>
         <controlfield tag="008">160216n||az|||||||##########||||||||||||</controlfield>
         <datafield tag="040" ind1=" " ind2=" ">
            <subfield code="a">I-FAN</subfield>
         </datafield>
         <datafield tag="043" ind1=" " ind2=" ">
            <subfield code="c">XA-IT</subfield>
         </datafield>
         <datafield tag="110" ind1="2" ind2=" ">
            <subfield code="a">Biblioteca comunale Federiciana</subfield>
            <subfield code="c">Fano</subfield>
            <subfield code="g">I-FAN</subfield>
         </datafield>
         <datafield tag="622" ind1=" " ind2=" ">
            <subfield code="e">Biblioteca comunale Federiciana, Via Castracane, 1, 61032 Fano (PU), Italy</subfield>
            <subfield code="u">http://goo.gl/N6bLfd</subfield>
         </datafield>
      </record>