
      <record>
         <leader>00000nz  a2200169   4500</leader>
         <controlfield tag="001">30005144</controlfield>
         <controlfield tag="003">RISM</controlfield>
         <controlfield tag="005">20160216</controlfield>
         <controlfield tag="008">160216n||az|||||||##########||||||||||||</controlfield>
         <datafield tag="040" ind1=" " ind2=" ">
            <subfield code="a">I-FANas</subfield>
         </datafield>
         <datafield tag="043" ind1=" " ind2=" ">
            <subfield code="c">XA-IT</subfield>
         </datafield>
         <datafield tag="110" ind1="2" ind2=" ">
            <subfield code="a">Archivio di Stato di Pesaro, Sezione di Fano</subfield>
            <subfield code="c">Fano</subfield>
            <subfield code="g">I-FANas</subfield>
         </datafield>
         <datafield tag="410" ind1="2" ind2=" ">
            <subfield code="a">Archivio di Stato</subfield>
         </datafield>
         <datafield tag="410" ind1="2" ind2=" ">
            <subfield code="a">Sezione di Archivio di Stato</subfield>
         </datafield>
         <datafield tag="622" ind1=" " ind2=" ">
            <subfield code="e">Archivio di Stato di Pesaro, Sezione di, Fano, Via Castracane 1, I-61032 Fano (PS)., Regione Marche</subfield>
         </datafield>
      </record>