
      <record>
         <leader>00000nz  a2200169   4500</leader>
         <controlfield tag="001">30004726</controlfield>
         <controlfield tag="003">RISM</controlfield>
         <controlfield tag="005">20160216</controlfield>
         <controlfield tag="008">160216n||az|||||||##########||||||||||||</controlfield>
         <datafield tag="040" ind1=" " ind2=" ">
            <subfield code="a">I-FANd</subfield>
         </datafield>
         <datafield tag="043" ind1=" " ind2=" ">
            <subfield code="c">XA-IT</subfield>
         </datafield>
         <datafield tag="110" ind1="2" ind2=" ">
            <subfield code="a">Cappela Musicale del Duomo, Archivio</subfield>
            <subfield code="c">Fano</subfield>
            <subfield code="g">I-FANd</subfield>
         </datafield>
         <datafield tag="410" ind1="2" ind2=" ">
            <subfield code="a">Archivio della Cappela Musicale del Duomo (Archivio Capitolare)</subfield>
         </datafield>
         <datafield tag="622" ind1=" " ind2=" ">
            <subfield code="e">Cappela Musicale del Duomo, Archivio, Via Arco d'Augusto, I-61032 Fano (PS)., Regione Marche</subfield>
         </datafield>
      </record>