
      <record>
         <leader>00000nz  a2200169   4500</leader>
         <controlfield tag="001">30003451</controlfield>
         <controlfield tag="003">RISM</controlfield>
         <controlfield tag="005">20160216</controlfield>
         <controlfield tag="008">160216n||az|||||||##########||||||||||||</controlfield>
         <datafield tag="040" ind1=" " ind2=" ">
            <subfield code="a">I-Faq</subfield>
         </datafield>
         <datafield tag="043" ind1=" " ind2=" ">
            <subfield code="c">XA-IT</subfield>
         </datafield>
         <datafield tag="110" ind1="2" ind2=" ">
            <subfield code="a">Aquinas Library, Pius XII Institute Graduate School of Fine Arts</subfield>
            <subfield code="c">Firenze</subfield>
            <subfield code="g">I-Faq</subfield>
         </datafield>
         <datafield tag="622" ind1=" " ind2=" ">
            <subfield code="e">Aquinas Library, Pius XII Institute, Graduate School of Fine Arts, Villa Schifanoia, Via Boccaccio 115, -123, I-50133 Firenze. Regione Toscana</subfield>
         </datafield>
      </record>