
      <record>
         <leader>00000nz  a2200169   4500</leader>
         <controlfield tag="001">30005142</controlfield>
         <controlfield tag="003">RISM</controlfield>
         <controlfield tag="005">20160216</controlfield>
         <controlfield tag="008">160216n||az|||||||##########||||||||||||</controlfield>
         <datafield tag="040" ind1=" " ind2=" ">
            <subfield code="a">I-FAsm</subfield>
         </datafield>
         <datafield tag="043" ind1=" " ind2=" ">
            <subfield code="c">XA-IT</subfield>
         </datafield>
         <datafield tag="110" ind1="2" ind2=" ">
            <subfield code="a">Monastero di S. Margherita, Biblioteca</subfield>
            <subfield code="c">Fabriano</subfield>
            <subfield code="g">I-FAsm</subfield>
         </datafield>
         <datafield tag="622" ind1=" " ind2=" ">
            <subfield code="e">Monastero di S. Margherita, Biblioteca, Via del Polo 33, I-60044 Fabriano (AN)., Regione Marche</subfield>
         </datafield>
      </record>