
      <record>
         <leader>00000nz  a2200169   4500</leader>
         <controlfield tag="001">30005141</controlfield>
         <controlfield tag="003">RISM</controlfield>
         <controlfield tag="005">20160216</controlfield>
         <controlfield tag="008">160216n||az|||||||##########||||||||||||</controlfield>
         <datafield tag="040" ind1=" " ind2=" ">
            <subfield code="a">I-FAsn</subfield>
         </datafield>
         <datafield tag="043" ind1=" " ind2=" ">
            <subfield code="c">XA-IT</subfield>
         </datafield>
         <datafield tag="110" ind1="2" ind2=" ">
            <subfield code="a">S. Nicolò, Archivio Parrocchiale</subfield>
            <subfield code="c">Fabriano</subfield>
            <subfield code="g">I-FAsn</subfield>
         </datafield>
         <datafield tag="622" ind1=" " ind2=" ">
            <subfield code="e">S. Nicolò, Archivio Parrocchiale, Piazza Cairoli 20, I-60044 Fabriano, (AN). Regione Marche</subfield>
         </datafield>
      </record>