
      <record>
         <leader>00000nz  a2200169   4500</leader>
         <controlfield tag="001">30004727</controlfield>
         <controlfield tag="003">RISM</controlfield>
         <controlfield tag="005">20160216</controlfield>
         <controlfield tag="008">160216n||az|||||||##########||||||||||||</controlfield>
         <datafield tag="040" ind1=" " ind2=" ">
            <subfield code="a">I-Fb</subfield>
         </datafield>
         <datafield tag="043" ind1=" " ind2=" ">
            <subfield code="c">XA-IT</subfield>
         </datafield>
         <datafield tag="110" ind1="2" ind2=" ">
            <subfield code="a">Biblioteca Berenson - Morril Music Library</subfield>
            <subfield code="c">Firenze</subfield>
            <subfield code="g">I-Fb</subfield>
         </datafield>
         <datafield tag="410" ind1="2" ind2=" ">
            <subfield code="a">Morril Music Library (Biblioteca Berenson)</subfield>
         </datafield>
         <datafield tag="410" ind1="2" ind2=" ">
            <subfield code="a">Berenson Library</subfield>
         </datafield>
         <datafield tag="410" ind1="2" ind2=" ">
            <subfield code="a">Villa I Tatti Library</subfield>
         </datafield>
         <datafield tag="622" ind1=" " ind2=" ">
            <subfield code="e">Biblioteca Berenson, Villa I Tatti, Via di Vincigliata 26, 50135 Firenze, Italy</subfield>
            <subfield code="u">http://www.itatti.it/menu3/library.html</subfield>
         </datafield>
      </record>