
      <record>
         <leader>00000nz  a2200169   4500</leader>
         <controlfield tag="001">30003456</controlfield>
         <controlfield tag="003">RISM</controlfield>
         <controlfield tag="005">20160216</controlfield>
         <controlfield tag="008">160216n||az|||||||##########||||||||||||</controlfield>
         <datafield tag="040" ind1=" " ind2=" ">
            <subfield code="a">I-FBR</subfield>
         </datafield>
         <datafield tag="043" ind1=" " ind2=" ">
            <subfield code="c">XA-IT</subfield>
         </datafield>
         <datafield tag="110" ind1="2" ind2=" ">
            <subfield code="a">Biblioteca Civica "Passionei"</subfield>
            <subfield code="c">Fossombrone</subfield>
            <subfield code="g">I-FBR</subfield>
         </datafield>
         <datafield tag="622" ind1=" " ind2=" ">
            <subfield code="e">Biblioteca Civica "Passionei", via Torricelli, 2/4, 61034 Fossombrone, Italy</subfield>
            <subfield code="u">http://www.comune.fossombrone.ps.it/id/3351/15490.aspx</subfield>
         </datafield>
      </record>