
      <record>
         <leader>00000nz  a2200169   4500</leader>
         <controlfield tag="001">30001778</controlfield>
         <controlfield tag="003">RISM</controlfield>
         <controlfield tag="005">20160216</controlfield>
         <controlfield tag="008">160216n||az|||||||##########||||||||||||</controlfield>
         <datafield tag="040" ind1=" " ind2=" ">
            <subfield code="a">I-Fc</subfield>
         </datafield>
         <datafield tag="043" ind1=" " ind2=" ">
            <subfield code="c">XA-IT</subfield>
         </datafield>
         <datafield tag="110" ind1="2" ind2=" ">
            <subfield code="a">Conservatorio di Musica Luigi Cherubini, Biblioteca</subfield>
            <subfield code="c">Firenze</subfield>
            <subfield code="g">I-Fc</subfield>
         </datafield>
         <datafield tag="410" ind1="2" ind2=" ">
            <subfield code="a">Conservatorio Statale di Musica L. Cherubini, Biblioteca</subfield>
         </datafield>
         <datafield tag="622" ind1=" " ind2=" ">
            <subfield code="e">Conservatorio di Musica Luigi Cherubini,,  Biblioteca, Piazzetta delle Belle Arti 2, 50121 Firenze (Regione Toscana), Italy</subfield>
            <subfield code="u">http://www.conservatorio.firenze.it/index.php?id=24</subfield>
         </datafield>
      </record>