
      <record>
         <leader>00000nz  a2200169   4500</leader>
         <controlfield tag="001">30001788</controlfield>
         <controlfield tag="003">RISM</controlfield>
         <controlfield tag="005">20160216</controlfield>
         <controlfield tag="008">160216n||az|||||||##########||||||||||||</controlfield>
         <datafield tag="040" ind1=" " ind2=" ">
            <subfield code="a">I-FEbonfiglioli</subfield>
         </datafield>
         <datafield tag="043" ind1=" " ind2=" ">
            <subfield code="c">XA-IT</subfield>
         </datafield>
         <datafield tag="110" ind1="2" ind2=" ">
            <subfield code="a">Biblioteca privata Geri Bonfiglioli</subfield>
            <subfield code="c">Ferrara</subfield>
            <subfield code="g">I-FEbonfiglioli</subfield>
         </datafield>
         <datafield tag="622" ind1=" " ind2=" ">
            <subfield code="e">Biblioteca privata Geri Bonfiglioli, Via Palestro, 60, 44121 Ferrara (FE), Italy</subfield>
         </datafield>
      </record>