
      <record>
         <leader>00000nz  a2200169   4500</leader>
         <controlfield tag="001">30005151</controlfield>
         <controlfield tag="003">RISM</controlfield>
         <controlfield tag="005">20160216</controlfield>
         <controlfield tag="008">160216n||az|||||||##########||||||||||||</controlfield>
         <datafield tag="040" ind1=" " ind2=" ">
            <subfield code="a">I-FEca</subfield>
         </datafield>
         <datafield tag="043" ind1=" " ind2=" ">
            <subfield code="c">XA-IT</subfield>
         </datafield>
         <datafield tag="110" ind1="2" ind2=" ">
            <subfield code="a">Curia Arcivescovile, Archivio</subfield>
            <subfield code="c">Ferrara</subfield>
            <subfield code="g">I-FEca</subfield>
         </datafield>
         <datafield tag="622" ind1=" " ind2=" ">
            <subfield code="e">Curia Arcivescovile, Archivio, Corso Martiri della Libertà 77, I-44100, Ferrara. Regione Emilia Romagna</subfield>
         </datafield>
      </record>