
      <record>
         <leader>00000nz  a2200169   4500</leader>
         <controlfield tag="001">30005153</controlfield>
         <controlfield tag="003">RISM</controlfield>
         <controlfield tag="005">20160216</controlfield>
         <controlfield tag="008">160216n||az|||||||##########||||||||||||</controlfield>
         <datafield tag="040" ind1=" " ind2=" ">
            <subfield code="a">I-FEcon</subfield>
         </datafield>
         <datafield tag="043" ind1=" " ind2=" ">
            <subfield code="c">XA-IT</subfield>
         </datafield>
         <datafield tag="110" ind1="2" ind2=" ">
            <subfield code="a">Conservatorio di Musica Girolamo Frescobaldi, Biblioteca</subfield>
            <subfield code="c">Ferrara</subfield>
            <subfield code="g">I-FEcon</subfield>
         </datafield>
         <datafield tag="410" ind1="2" ind2=" ">
            <subfield code="a">Conservatorio Statale di Musica Girolamo Frescobaldi, Biblioteca</subfield>
         </datafield>
         <datafield tag="410" ind1="2" ind2=" ">
            <subfield code="a">Liceo Musicale Girolamo Frescobaldi</subfield>
         </datafield>
         <datafield tag="622" ind1=" " ind2=" ">
            <subfield code="e">Conservatorio di Musica Girolamo, Frescobaldi, Biblioteca, Via Previati 22, I-44100 Ferrara., Regione Emilia Romagna</subfield>
         </datafield>
      </record>