
      <record>
         <leader>00000nz  a2200169   4500</leader>
         <controlfield tag="001">30001790</controlfield>
         <controlfield tag="003">RISM</controlfield>
         <controlfield tag="005">20160216</controlfield>
         <controlfield tag="008">160216n||az|||||||##########||||||||||||</controlfield>
         <datafield tag="040" ind1=" " ind2=" ">
            <subfield code="a">I-FEd</subfield>
         </datafield>
         <datafield tag="043" ind1=" " ind2=" ">
            <subfield code="c">XA-IT</subfield>
         </datafield>
         <datafield tag="110" ind1="2" ind2=" ">
            <subfield code="a">Archivio storico diocesano</subfield>
            <subfield code="c">Ferrara</subfield>
            <subfield code="g">I-FEd</subfield>
         </datafield>
         <datafield tag="410" ind1="2" ind2=" ">
            <subfield code="a">Archivio capitolare del Duomo</subfield>
         </datafield>
         <datafield tag="622" ind1=" " ind2=" ">
            <subfield code="e">Archivio storico diocesano, Corso Martiri della Libertà, 77, 44121 Ferrara (FE), Italy</subfield>
         </datafield>
      </record>