
      <record>
         <leader>00000nz  a2200169   4500</leader>
         <controlfield tag="001">30001792</controlfield>
         <controlfield tag="003">RISM</controlfield>
         <controlfield tag="005">20160216</controlfield>
         <controlfield tag="008">160216n||az|||||||##########||||||||||||</controlfield>
         <datafield tag="040" ind1=" " ind2=" ">
            <subfield code="a">I-FELc</subfield>
         </datafield>
         <datafield tag="043" ind1=" " ind2=" ">
            <subfield code="c">XA-IT</subfield>
         </datafield>
         <datafield tag="110" ind1="2" ind2=" ">
            <subfield code="a">Biblioteca civica</subfield>
            <subfield code="c">Feltre</subfield>
            <subfield code="g">I-FELc</subfield>
         </datafield>
         <datafield tag="410" ind1="2" ind2=" ">
            <subfield code="a">con il fondo del Museo Civico</subfield>
         </datafield>
         <datafield tag="622" ind1=" " ind2=" ">
            <subfield code="e">Biblioteca civica, Salita Muffoni, 3, 32032 Feltre (BL), Italy</subfield>
            <subfield code="u">http://biblioteca.comune.feltre.bl.it/</subfield>
         </datafield>
      </record>