
      <record>
         <leader>00000nz  a2200169   4500</leader>
         <controlfield tag="001">30000141</controlfield>
         <controlfield tag="003">RISM</controlfield>
         <controlfield tag="005">20160216</controlfield>
         <controlfield tag="008">160216n||az|||||||##########||||||||||||</controlfield>
         <datafield tag="040" ind1=" " ind2=" ">
            <subfield code="a">I-FELd</subfield>
         </datafield>
         <datafield tag="043" ind1=" " ind2=" ">
            <subfield code="c">XA-IT</subfield>
         </datafield>
         <datafield tag="110" ind1="2" ind2=" ">
            <subfield code="a">Concattedrale di San Pietro Apostolo, Archivio Capitolare</subfield>
            <subfield code="c">Feltre</subfield>
            <subfield code="g">I-FELd</subfield>
         </datafield>
         <datafield tag="410" ind1="2" ind2=" ">
            <subfield code="a">Duomo S. Pietro, Archivio Capitolare</subfield>
         </datafield>
         <datafield tag="622" ind1=" " ind2=" ">
            <subfield code="e">Concattedrale di San Pietro Apostolo,, Archivio Capitolare, Via Vecellio 6, 32032 Feltre, Italy</subfield>
         </datafield>
      </record>