
      <record>
         <leader>00000nz  a2200169   4500</leader>
         <controlfield tag="001">30001793</controlfield>
         <controlfield tag="003">RISM</controlfield>
         <controlfield tag="005">20160216</controlfield>
         <controlfield tag="008">160216n||az|||||||##########||||||||||||</controlfield>
         <datafield tag="040" ind1=" " ind2=" ">
            <subfield code="a">I-FEM</subfield>
         </datafield>
         <datafield tag="043" ind1=" " ind2=" ">
            <subfield code="c">XA-IT</subfield>
         </datafield>
         <datafield tag="110" ind1="2" ind2=" ">
            <subfield code="a">Biblioteca comunale</subfield>
            <subfield code="c">Finale Emilia</subfield>
            <subfield code="g">I-FEM</subfield>
         </datafield>
         <datafield tag="622" ind1=" " ind2=" ">
            <subfield code="e">Biblioteca comunale, Viale della Rinascita, 1, 41034 Finale Emilia (MO), Italy</subfield>
            <subfield code="u">http://biblioteca.comunefinale.net/</subfield>
         </datafield>
      </record>