
      <record>
         <leader>00000nz  a2200169   4500</leader>
         <controlfield tag="001">30004734</controlfield>
         <controlfield tag="003">RISM</controlfield>
         <controlfield tag="005">20160216</controlfield>
         <controlfield tag="008">160216n||az|||||||##########||||||||||||</controlfield>
         <datafield tag="040" ind1=" " ind2=" ">
            <subfield code="a">I-FERaa</subfield>
         </datafield>
         <datafield tag="043" ind1=" " ind2=" ">
            <subfield code="c">XA-IT</subfield>
         </datafield>
         <datafield tag="110" ind1="2" ind2=" ">
            <subfield code="a">Archivio storico arcivescovile</subfield>
            <subfield code="c">Fermo</subfield>
            <subfield code="g">I-FERaa</subfield>
         </datafield>
         <datafield tag="622" ind1=" " ind2=" ">
            <subfield code="e">Archivio storico arcivescovile, Via Sisto V, 11, 63023 Fermo (FM), Italy</subfield>
            <subfield code="u">http://www.fermodiocesi.it/it/Archivio_storico/</subfield>
         </datafield>
      </record>