
      <record>
         <leader>00000nz  a2200169   4500</leader>
         <controlfield tag="001">30001794</controlfield>
         <controlfield tag="003">RISM</controlfield>
         <controlfield tag="005">20160216</controlfield>
         <controlfield tag="008">160216n||az|||||||##########||||||||||||</controlfield>
         <datafield tag="040" ind1=" " ind2=" ">
            <subfield code="a">I-FERc</subfield>
         </datafield>
         <datafield tag="043" ind1=" " ind2=" ">
            <subfield code="c">XA-IT</subfield>
         </datafield>
         <datafield tag="110" ind1="2" ind2=" ">
            <subfield code="a">Biblioteca civica "Romolo Spezioli"</subfield>
            <subfield code="c">Fermo</subfield>
            <subfield code="g">I-FERc</subfield>
         </datafield>
         <datafield tag="410" ind1="2" ind2=" ">
            <subfield code="a">Biblioteca comunale</subfield>
         </datafield>
         <datafield tag="622" ind1=" " ind2=" ">
            <subfield code="e">Biblioteca civica "Romolo Spezioli", Piazza del Popolo, 63, 63900 Fermo (FM), Italy</subfield>
            <subfield code="u">http://cst.comune.fermo.it/default.aspx?menuid=1750</subfield>
         </datafield>
      </record>