
      <record>
         <leader>00000nz  a2200169   4500</leader>
         <controlfield tag="001">30005150</controlfield>
         <controlfield tag="003">RISM</controlfield>
         <controlfield tag="005">20160216</controlfield>
         <controlfield tag="008">160216n||az|||||||##########||||||||||||</controlfield>
         <datafield tag="040" ind1=" " ind2=" ">
            <subfield code="a">I-FERs</subfield>
         </datafield>
         <datafield tag="043" ind1=" " ind2=" ">
            <subfield code="c">XA-IT</subfield>
         </datafield>
         <datafield tag="110" ind1="2" ind2=" ">
            <subfield code="a">Seminario Arcivescovile, Biblioteca</subfield>
            <subfield code="c">Fermo</subfield>
            <subfield code="g">I-FERs</subfield>
         </datafield>
         <datafield tag="410" ind1="2" ind2=" ">
            <subfield code="a">Biblioteca del Seminario</subfield>
         </datafield>
         <datafield tag="622" ind1=" " ind2=" ">
            <subfield code="e">Seminario Arcivescovile, Biblioteca, Via S. Alessandro 3, I-63023 Fermo, (AP). Regione Marche</subfield>
         </datafield>
      </record>