
      <record>
         <leader>00000nz  a2200169   4500</leader>
         <controlfield tag="001">30005148</controlfield>
         <controlfield tag="003">RISM</controlfield>
         <controlfield tag="005">20160216</controlfield>
         <controlfield tag="008">160216n||az|||||||##########||||||||||||</controlfield>
         <datafield tag="040" ind1=" " ind2=" ">
            <subfield code="a">I-FERvitali</subfield>
         </datafield>
         <datafield tag="043" ind1=" " ind2=" ">
            <subfield code="c">XA-IT</subfield>
         </datafield>
         <datafield tag="110" ind1="2" ind2=" ">
            <subfield code="a">Biblioteca privata Gualberto Vitali-Rosati</subfield>
            <subfield code="c">Fermo</subfield>
            <subfield code="g">I-FERvitali</subfield>
         </datafield>
         <datafield tag="622" ind1=" " ind2=" ">
            <subfield code="e">Biblioteca privata Gualberto Vitali, -Rosati, I-63023 Fermo (AP). Regione Marche</subfield>
         </datafield>
      </record>