
      <record>
         <leader>00000nz  a2200169   4500</leader>
         <controlfield tag="001">30004733</controlfield>
         <controlfield tag="003">RISM</controlfield>
         <controlfield tag="005">20160216</controlfield>
         <controlfield tag="008">160216n||az|||||||##########||||||||||||</controlfield>
         <datafield tag="040" ind1=" " ind2=" ">
            <subfield code="a">I-FEs</subfield>
         </datafield>
         <datafield tag="043" ind1=" " ind2=" ">
            <subfield code="c">XA-IT</subfield>
         </datafield>
         <datafield tag="110" ind1="2" ind2=" ">
            <subfield code="a">Biblioteca del Seminario arcivescovile di Ferrara</subfield>
            <subfield code="c">Ferrara</subfield>
            <subfield code="g">I-FEs</subfield>
         </datafield>
         <datafield tag="622" ind1=" " ind2=" ">
            <subfield code="e">Biblioteca del Seminario arcivescovile,  di Ferrara, Via G. Fabbri, 410, 44100 Ferrara (FE), Italy</subfield>
            <subfield code="u">http://www.seminariodiferrara.com/biblioteca/index.html</subfield>
         </datafield>
      </record>