
      <record>
         <leader>00000nz  a2200169   4500</leader>
         <controlfield tag="001">30005152</controlfield>
         <controlfield tag="003">RISM</controlfield>
         <controlfield tag="005">20160216</controlfield>
         <controlfield tag="008">160216n||az|||||||##########||||||||||||</controlfield>
         <datafield tag="040" ind1=" " ind2=" ">
            <subfield code="a">I-FEss</subfield>
         </datafield>
         <datafield tag="043" ind1=" " ind2=" ">
            <subfield code="c">XA-IT</subfield>
         </datafield>
         <datafield tag="110" ind1="2" ind2=" ">
            <subfield code="a">Convento di S. Spirito, Biblioteca</subfield>
            <subfield code="c">Ferrara</subfield>
            <subfield code="g">I-FEss</subfield>
         </datafield>
         <datafield tag="622" ind1=" " ind2=" ">
            <subfield code="e">Convento di S. Spirito, Biblioteca, Via della Resistenza 5, I-44100, Ferrara. Regione Emilia Romagna</subfield>
         </datafield>
      </record>