
      <record>
         <leader>00000nz  a2200169   4500</leader>
         <controlfield tag="001">30005157</controlfield>
         <controlfield tag="003">RISM</controlfield>
         <controlfield tag="005">20160216</controlfield>
         <controlfield tag="008">160216n||az|||||||##########||||||||||||</controlfield>
         <datafield tag="040" ind1=" " ind2=" ">
            <subfield code="a">I-FEu</subfield>
         </datafield>
         <datafield tag="043" ind1=" " ind2=" ">
            <subfield code="c">XA-IT</subfield>
         </datafield>
         <datafield tag="110" ind1="2" ind2=" ">
            <subfield code="a">Università degli Studi di Ferrara, Facoltà di Magistero, Cattedra di Storia della Musica, Biblioteca (Biblioteca Amleto Bassi)</subfield>
            <subfield code="c">Ferrara</subfield>
            <subfield code="g">I-FEu</subfield>
         </datafield>
         <datafield tag="410" ind1="2" ind2=" ">
            <subfield code="a">Università degli Studi di Ferrara, Cattedra di Storia della Musica, Biblioteca (B. Amleto Bassi)</subfield>
         </datafield>
         <datafield tag="410" ind1="2" ind2=" ">
            <subfield code="a">Biblioteca Dell'Università Degli studi di Ferrara Facoltà di Lettere e Filosofia, Cattedra di</subfield>
         </datafield>
         <datafield tag="410" ind1="2" ind2=" ">
            <subfield code="a">^Storia della Musica (Biblioteca Amleto Bassi)</subfield>
         </datafield>
         <datafield tag="622" ind1=" " ind2=" ">
            <subfield code="e">Università degli Studi di Ferrara,, Facoltà di Magistero, Cattedra di, Storia della Musica, Biblioteca, (Biblioteca Amleto Bassi), Via Savonarola 27, I-44100 Ferrara</subfield>
         </datafield>
      </record>