
      <record>
         <leader>00000nz  a2200169   4500</leader>
         <controlfield tag="001">30004729</controlfield>
         <controlfield tag="003">RISM</controlfield>
         <controlfield tag="005">20160216</controlfield>
         <controlfield tag="008">160216n||az|||||||##########||||||||||||</controlfield>
         <datafield tag="040" ind1=" " ind2=" ">
            <subfield code="a">I-Ff</subfield>
         </datafield>
         <datafield tag="043" ind1=" " ind2=" ">
            <subfield code="c">XA-IT</subfield>
         </datafield>
         <datafield tag="110" ind1="2" ind2=" ">
            <subfield code="a">Oratorio di San Filippo (Congregazione), Biblioteca</subfield>
            <subfield code="c">Firenze</subfield>
            <subfield code="g">I-Ff</subfield>
         </datafield>
         <datafield tag="410" ind1="2" ind2=" ">
            <subfield code="a">Biblioteca dell'Oratorio di San Filippo (Congreg. Dell'Or.)</subfield>
         </datafield>
         <datafield tag="622" ind1=" " ind2=" ">
            <subfield code="e">Oratorio di San Filippo, (Congregazione), Biblioteca, Via dell'Anguillara 25, I-50122, Firenze. Regione Toscana</subfield>
         </datafield>
      </record>