
      <record>
         <leader>00000nz  a2200169   4500</leader>
         <controlfield tag="001">30003933</controlfield>
         <controlfield tag="003">RISM</controlfield>
         <controlfield tag="005">20160216</controlfield>
         <controlfield tag="008">160216n||az|||||||##########||||||||||||</controlfield>
         <datafield tag="040" ind1=" " ind2=" ">
            <subfield code="a">I-Fguzzini</subfield>
         </datafield>
         <datafield tag="043" ind1=" " ind2=" ">
            <subfield code="c">XA-IT</subfield>
         </datafield>
         <datafield tag="110" ind1="2" ind2=" ">
            <subfield code="a">Biblioteca privata Guzzini</subfield>
            <subfield code="c">Firenze</subfield>
            <subfield code="g">I-Fguzzini</subfield>
         </datafield>
         <datafield tag="410" ind1="2" ind2=" ">
            <subfield code="a">Biblioteca privata Eredi Guzzini</subfield>
         </datafield>
         <datafield tag="622" ind1=" " ind2=" ">
            <subfield code="e">Biblioteca privata Guzzini, Via Ottavio Rinuccini, 33, 50100 Firenze (FI), Italy</subfield>
         </datafield>
      </record>