
      <record>
         <leader>00000nz  a2200169   4500</leader>
         <controlfield tag="001">30005158</controlfield>
         <controlfield tag="003">RISM</controlfield>
         <controlfield tag="005">20160216</controlfield>
         <controlfield tag="008">160216n||az|||||||##########||||||||||||</controlfield>
         <datafield tag="040" ind1=" " ind2=" ">
            <subfield code="a">I-FIEcd</subfield>
         </datafield>
         <datafield tag="043" ind1=" " ind2=" ">
            <subfield code="c">XA-IT</subfield>
         </datafield>
         <datafield tag="110" ind1="2" ind2=" ">
            <subfield code="a">Centro di Ricerca e di Sperimentazione per la Didattica Musicale, Biblioteca</subfield>
            <subfield code="c">Fiesole</subfield>
            <subfield code="g">I-FIEcd</subfield>
         </datafield>
         <datafield tag="622" ind1=" " ind2=" ">
            <subfield code="e">Centro di Ricerca e di Sperimentazione, per la Didattica Musicale, Biblioteca, S. Domenico di Fiesole, Villa La, Torraccia, Via delle Fontanelle 24, I, -50014 Fiesole (FI). Regione T</subfield>
         </datafield>
      </record>