
      <record>
         <leader>00000nz  a2200169   4500</leader>
         <controlfield tag="001">30005172</controlfield>
         <controlfield tag="003">RISM</controlfield>
         <controlfield tag="005">20160216</controlfield>
         <controlfield tag="008">160216n||az|||||||##########||||||||||||</controlfield>
         <datafield tag="040" ind1=" " ind2=" ">
            <subfield code="a">I-FIUss</subfield>
         </datafield>
         <datafield tag="043" ind1=" " ind2=" ">
            <subfield code="c">XA-IT</subfield>
         </datafield>
         <datafield tag="110" ind1="2" ind2=" ">
            <subfield code="a">Archivio della Confraternita del SS.mo Sacramento e Immacolata Concezione (Chiesa di San Biagio)</subfield>
            <subfield code="c">Fiuggi</subfield>
            <subfield code="g">I-FIUss</subfield>
         </datafield>
         <datafield tag="622" ind1=" " ind2=" ">
            <subfield code="e">Archivio della Confraternita del SS.mo,  Sacramento e Immacolata Concezione,  (Chiesa di San Biagio), Presso Parrocchia San Pietro Apostolo, Via V. Emanuele, 50, 03014 Fiuggi (FR), Italy</subfield>
         </datafield>
      </record>