
      <record>
         <leader>00000nz  a2200169   4500</leader>
         <controlfield tag="001">30001781</controlfield>
         <controlfield tag="003">RISM</controlfield>
         <controlfield tag="005">20160216</controlfield>
         <controlfield tag="008">160216n||az|||||||##########||||||||||||</controlfield>
         <datafield tag="040" ind1=" " ind2=" ">
            <subfield code="a">I-Fl</subfield>
         </datafield>
         <datafield tag="043" ind1=" " ind2=" ">
            <subfield code="c">XA-IT</subfield>
         </datafield>
         <datafield tag="110" ind1="2" ind2=" ">
            <subfield code="a">Biblioteca Medicea Laurenziana</subfield>
            <subfield code="c">Firenze</subfield>
            <subfield code="g">I-Fl</subfield>
         </datafield>
         <datafield tag="622" ind1=" " ind2=" ">
            <subfield code="e">Biblioteca Medicea Laurenziana, Piazza San Lorenzo, 9, 50123 Firenze (FI), Italy</subfield>
            <subfield code="u">http://www.bml.firenze.sbn.it/</subfield>
         </datafield>
      </record>