
      <record>
         <leader>00000nz  a2200169   4500</leader>
         <controlfield tag="001">30005159</controlfield>
         <controlfield tag="003">RISM</controlfield>
         <controlfield tag="005">20160216</controlfield>
         <controlfield tag="008">160216n||az|||||||##########||||||||||||</controlfield>
         <datafield tag="040" ind1=" " ind2=" ">
            <subfield code="a">I-FLef</subfield>
         </datafield>
         <datafield tag="043" ind1=" " ind2=" ">
            <subfield code="c">XA-IT</subfield>
         </datafield>
         <datafield tag="110" ind1="2" ind2=" ">
            <subfield code="a">Biblioteca Ecclesiastica Finalmaria (di San Giovanni Battista)</subfield>
            <subfield code="c">Finale Ligure</subfield>
            <subfield code="g">I-FLef</subfield>
         </datafield>
         <datafield tag="410" ind1="2" ind2=" ">
            <subfield code="a">Parrocchia di S. Giovanni Battista, Archivio</subfield>
         </datafield>
         <datafield tag="580" ind1=" " ind2=" ">
            <subfield code="x">I-SAsd</subfield>
            <subfield code="0">30005869</subfield>
         </datafield>
      </record>