
      <record>
         <leader>00000nz  a2200169   4500</leader>
         <controlfield tag="001">30001782</controlfield>
         <controlfield tag="003">RISM</controlfield>
         <controlfield tag="005">20160216</controlfield>
         <controlfield tag="008">160216n||az|||||||##########||||||||||||</controlfield>
         <datafield tag="040" ind1=" " ind2=" ">
            <subfield code="a">I-Fm</subfield>
         </datafield>
         <datafield tag="043" ind1=" " ind2=" ">
            <subfield code="c">XA-IT</subfield>
         </datafield>
         <datafield tag="110" ind1="2" ind2=" ">
            <subfield code="a">Biblioteca Marucelliana</subfield>
            <subfield code="c">Firenze</subfield>
            <subfield code="g">I-Fm</subfield>
         </datafield>
         <datafield tag="622" ind1=" " ind2=" ">
            <subfield code="e">Biblioteca Marucelliana, Via Cavour, 43-47, 50129 Firenze (FI), Italy</subfield>
            <subfield code="u">http://www.maru.firenze.sbn.it/index.htm</subfield>
         </datafield>
      </record>