
      <record>
         <leader>00000nz  a2200169   4500</leader>
         <controlfield tag="001">30080336</controlfield>
         <controlfield tag="003">RISM</controlfield>
         <controlfield tag="005">20160216</controlfield>
         <controlfield tag="008">160216n||az|||||||##########||||||||||||</controlfield>
         <datafield tag="040" ind1=" " ind2=" ">
            <subfield code="a">I-FMmi</subfield>
         </datafield>
         <datafield tag="043" ind1=" " ind2=" ">
            <subfield code="c">XA-IT</subfield>
         </datafield>
         <datafield tag="110" ind1="2" ind2=" ">
            <subfield code="a">Biblioteca Studentato Figli di S. Maria Immacolata</subfield>
            <subfield code="c">Fiumicino</subfield>
            <subfield code="g">I-FMmi</subfield>
         </datafield>
         <datafield tag="622" ind1=" " ind2=" ">
            <subfield code="e">Biblioteca Studentato Figli di S. Maria,  Immacolata, Via del Casale S. Lucia, 48, 00054 Fiumicino (RM), Italy</subfield>
         </datafield>
      </record>