
      <record>
         <leader>00000nz  a2200169   4500</leader>
         <controlfield tag="001">30001783</controlfield>
         <controlfield tag="003">RISM</controlfield>
         <controlfield tag="005">20160216</controlfield>
         <controlfield tag="008">160216n||az|||||||##########||||||||||||</controlfield>
         <datafield tag="040" ind1=" " ind2=" ">
            <subfield code="a">I-Fn</subfield>
         </datafield>
         <datafield tag="043" ind1=" " ind2=" ">
            <subfield code="c">XA-IT</subfield>
         </datafield>
         <datafield tag="110" ind1="2" ind2=" ">
            <subfield code="a">Biblioteca nazionale centrale</subfield>
            <subfield code="c">Firenze</subfield>
            <subfield code="g">I-Fn</subfield>
         </datafield>
         <datafield tag="410" ind1="2" ind2=" ">
            <subfield code="a">Biblioteca nazionale centrale (Comprese la Magliabechiana e la Palatina)</subfield>
         </datafield>
         <datafield tag="622" ind1=" " ind2=" ">
            <subfield code="e">Biblioteca nazionale centrale, Piazza Cavalleggeri 1, 50122 Firenze (FI), Italy</subfield>
            <subfield code="u">http://www.bncf.firenze.sbn.it/index.php</subfield>
         </datafield>
      </record>