
      <record>
         <leader>00000nz  a2200169   4500</leader>
         <controlfield tag="001">30001797</controlfield>
         <controlfield tag="003">RISM</controlfield>
         <controlfield tag="005">20160216</controlfield>
         <controlfield tag="008">160216n||az|||||||##########||||||||||||</controlfield>
         <datafield tag="040" ind1=" " ind2=" ">
            <subfield code="a">I-FOc</subfield>
         </datafield>
         <datafield tag="043" ind1=" " ind2=" ">
            <subfield code="c">XA-IT</subfield>
         </datafield>
         <datafield tag="110" ind1="2" ind2=" ">
            <subfield code="a">Biblioteca comunale Aurelio Saffi</subfield>
            <subfield code="c">Forlì</subfield>
            <subfield code="g">I-FOc</subfield>
         </datafield>
         <datafield tag="410" ind1="2" ind2=" ">
            <subfield code="a">Fondo Carlo Piancastelli</subfield>
         </datafield>
         <datafield tag="622" ind1=" " ind2=" ">
            <subfield code="e">Biblioteca comunale Aurelio Saffi, Corso della Repubblica, 72, 47100 Forlì (FC), Italy</subfield>
            <subfield code="u">http://goo.gl/JGyjhs</subfield>
         </datafield>
      </record>