
      <record>
         <leader>00000nz  a2200169   4500</leader>
         <controlfield tag="001">30001799</controlfield>
         <controlfield tag="003">RISM</controlfield>
         <controlfield tag="005">20160216</controlfield>
         <controlfield tag="008">160216n||az|||||||##########||||||||||||</controlfield>
         <datafield tag="040" ind1=" " ind2=" ">
            <subfield code="a">I-FOG</subfield>
         </datafield>
         <datafield tag="043" ind1=" " ind2=" ">
            <subfield code="c">XA-IT</subfield>
         </datafield>
         <datafield tag="110" ind1="2" ind2=" ">
            <subfield code="a">Biblioteca provinciale la Magna Capitana</subfield>
            <subfield code="c">Foggia</subfield>
            <subfield code="g">I-FOG</subfield>
         </datafield>
         <datafield tag="410" ind1="2" ind2=" ">
            <subfield code="a">Biblioteca Gaetano Postiglione</subfield>
         </datafield>
         <datafield tag="622" ind1=" " ind2=" ">
            <subfield code="e">Biblioteca provinciale la Magna Capitana, Viale Michelangelo, 1, 71100 Foggia (FG), Italy</subfield>
            <subfield code="u">http://www.bibliotecaprovinciale.foggia.it/</subfield>
         </datafield>
      </record>