
      <record>
         <leader>00000nz  a2200169   4500</leader>
         <controlfield tag="001">30004736</controlfield>
         <controlfield tag="003">RISM</controlfield>
         <controlfield tag="005">20160216</controlfield>
         <controlfield tag="008">160216n||az|||||||##########||||||||||||</controlfield>
         <datafield tag="040" ind1=" " ind2=" ">
            <subfield code="a">I-FOGc</subfield>
         </datafield>
         <datafield tag="043" ind1=" " ind2=" ">
            <subfield code="c">XA-IT</subfield>
         </datafield>
         <datafield tag="110" ind1="2" ind2=" ">
            <subfield code="a">Conservatorio di Musica Umberto Giordano, Biblioteca</subfield>
            <subfield code="c">Foggia</subfield>
            <subfield code="g">I-FOGc</subfield>
         </datafield>
         <datafield tag="410" ind1="2" ind2=" ">
            <subfield code="a">Biblioteca del Conservatorio Statle di Musica U. Giordano</subfield>
         </datafield>
         <datafield tag="622" ind1=" " ind2=" ">
            <subfield code="e">Conservatorio di Musica Umberto, Giordano, Biblioteca, Piazza Nigri 13, I-71100 Foggia., Regione Puglia</subfield>
         </datafield>
      </record>