
      <record>
         <leader>00000nz  a2200169   4500</leader>
         <controlfield tag="001">30006084</controlfield>
         <controlfield tag="003">RISM</controlfield>
         <controlfield tag="005">20160216</controlfield>
         <controlfield tag="008">160216n||az|||||||##########||||||||||||</controlfield>
         <datafield tag="040" ind1=" " ind2=" ">
            <subfield code="a">I-FOLf</subfield>
         </datafield>
         <datafield tag="043" ind1=" " ind2=" ">
            <subfield code="c">XA-IT</subfield>
         </datafield>
         <datafield tag="110" ind1="2" ind2=" ">
            <subfield code="a">Archivio storico dell'Associazione Filarmonica Città di Foligno</subfield>
            <subfield code="c">Foligno</subfield>
            <subfield code="g">I-FOLf</subfield>
         </datafield>
      </record>