
      <record>
         <leader>00000nz  a2200169   4500</leader>
         <controlfield tag="001">30005175</controlfield>
         <controlfield tag="003">RISM</controlfield>
         <controlfield tag="005">20160216</controlfield>
         <controlfield tag="008">160216n||az|||||||##########||||||||||||</controlfield>
         <datafield tag="040" ind1=" " ind2=" ">
            <subfield code="a">I-FOLs</subfield>
         </datafield>
         <datafield tag="043" ind1=" " ind2=" ">
            <subfield code="c">XA-IT</subfield>
         </datafield>
         <datafield tag="110" ind1="2" ind2=" ">
            <subfield code="a">Biblioteca Ludovico Jacobilli del Seminario Vescovile</subfield>
            <subfield code="c">Foligno</subfield>
            <subfield code="g">I-FOLs</subfield>
         </datafield>
         <datafield tag="410" ind1="2" ind2=" ">
            <subfield code="a">Seminario Vescovile L. Jacobilli, Biblioteca</subfield>
         </datafield>
         <datafield tag="622" ind1=" " ind2=" ">
            <subfield code="e">Biblioteca Ludovico Jacobilli del, Seminario Vescovile, Via Alunni 1, I-06034 Foligno (PG)., Regione Umbria</subfield>
         </datafield>
      </record>