
      <record>
         <leader>00000nz  a2200169   4500</leader>
         <controlfield tag="001">30001800</controlfield>
         <controlfield tag="003">RISM</controlfield>
         <controlfield tag="005">20160216</controlfield>
         <controlfield tag="008">160216n||az|||||||##########||||||||||||</controlfield>
         <datafield tag="040" ind1=" " ind2=" ">
            <subfield code="a">I-FOSc</subfield>
         </datafield>
         <datafield tag="043" ind1=" " ind2=" ">
            <subfield code="c">XA-IT</subfield>
         </datafield>
         <datafield tag="110" ind1="2" ind2=" ">
            <subfield code="a">Biblioteca Civica &lt;Fossano&gt;</subfield>
            <subfield code="c">Fossano</subfield>
            <subfield code="g">I-FOSc</subfield>
         </datafield>
         <datafield tag="622" ind1=" " ind2=" ">
            <subfield code="e">Biblioteca Civica, Piazza Castello 33, I-12045 Fossano, (CN). Regione Piemonte</subfield>
            <subfield code="u">http://www.bibliotecafossano.it/</subfield>
         </datafield>
      </record>