
      <record>
         <leader>00000nz  a2200169   4500</leader>
         <controlfield tag="001">30005870</controlfield>
         <controlfield tag="003">RISM</controlfield>
         <controlfield tag="005">20160216</controlfield>
         <controlfield tag="008">160216n||az|||||||##########||||||||||||</controlfield>
         <datafield tag="040" ind1=" " ind2=" ">
            <subfield code="a">I-Fpt</subfield>
         </datafield>
         <datafield tag="043" ind1=" " ind2=" ">
            <subfield code="c">XA-IT</subfield>
         </datafield>
         <datafield tag="110" ind1="2" ind2=" ">
            <subfield code="a">Biblioteca della Provincia Toscana dei PP. Scolopi</subfield>
            <subfield code="c">Firenze</subfield>
            <subfield code="g">I-Fpt</subfield>
         </datafield>
         <datafield tag="410" ind1="2" ind2=" ">
            <subfield code="a">Biblioteca delle Scuole Pie Fiorentine</subfield>
         </datafield>
         <datafield tag="622" ind1=" " ind2=" ">
            <subfield code="e">Biblioteca della Provincia Toscana dei, PP. Scolopi, Via Cavour 94, I-50123 Firenze. Regione, Toscana</subfield>
         </datafield>
      </record>