
      <record>
         <leader>00000nz  a2200169   4500</leader>
         <controlfield tag="001">30001785</controlfield>
         <controlfield tag="003">RISM</controlfield>
         <controlfield tag="005">20160216</controlfield>
         <controlfield tag="008">160216n||az|||||||##########||||||||||||</controlfield>
         <datafield tag="040" ind1=" " ind2=" ">
            <subfield code="a">I-Fr</subfield>
         </datafield>
         <datafield tag="043" ind1=" " ind2=" ">
            <subfield code="c">XA-IT</subfield>
         </datafield>
         <datafield tag="110" ind1="2" ind2=" ">
            <subfield code="a">Biblioteca Riccardiana</subfield>
            <subfield code="c">Firenze</subfield>
            <subfield code="g">I-Fr</subfield>
         </datafield>
         <datafield tag="622" ind1=" " ind2=" ">
            <subfield code="e">Biblioteca Riccardiana, Palazzo Medici Riccardi, Via Ginori, 10, 50123 Firenze (FI), Italy</subfield>
            <subfield code="u">http://www.riccardiana.firenze.sbn.it/</subfield>
         </datafield>
      </record>