
      <record>
         <leader>00000nz  a2200169   4500</leader>
         <controlfield tag="001">30005868</controlfield>
         <controlfield tag="003">RISM</controlfield>
         <controlfield tag="005">20160216</controlfield>
         <controlfield tag="008">160216n||az|||||||##########||||||||||||</controlfield>
         <datafield tag="040" ind1=" " ind2=" ">
            <subfield code="a">I-FRNbc</subfield>
         </datafield>
         <datafield tag="043" ind1=" " ind2=" ">
            <subfield code="c">XA-IT</subfield>
         </datafield>
         <datafield tag="110" ind1="2" ind2=" ">
            <subfield code="a">Biblioteca comunale Alfonso Giorgi</subfield>
            <subfield code="c">Ferentino</subfield>
            <subfield code="g">I-FRNbc</subfield>
         </datafield>
         <datafield tag="622" ind1=" " ind2=" ">
            <subfield code="e">Biblioteca comunale Alfonso Giorgi, Via S. M. C. Troiani, 03013 Ferentino (FR), Italy</subfield>
            <subfield code="u">http://www.comune.ferentino.fr.it/pagina719_biblioteca-comunale.html</subfield>
         </datafield>
      </record>