
      <record>
         <leader>00000nz  a2200169   4500</leader>
         <controlfield tag="001">30005181</controlfield>
         <controlfield tag="003">RISM</controlfield>
         <controlfield tag="005">20160216</controlfield>
         <controlfield tag="008">160216n||az|||||||##########||||||||||||</controlfield>
         <datafield tag="040" ind1=" " ind2=" ">
            <subfield code="a">I-FROc</subfield>
         </datafield>
         <datafield tag="043" ind1=" " ind2=" ">
            <subfield code="c">XA-IT</subfield>
         </datafield>
         <datafield tag="110" ind1="2" ind2=" ">
            <subfield code="a">Biblioteca del Conservatorio di Musica Licinio Refice</subfield>
            <subfield code="c">Frosinone</subfield>
            <subfield code="g">I-FROc</subfield>
         </datafield>
         <datafield tag="622" ind1=" " ind2=" ">
            <subfield code="e">Biblioteca del Conservatorio di Musica,  Licinio Refice, Viale Michelangelo, 03100 Frosinone (FR), Italy</subfield>
            <subfield code="u">http://www.conservatorio-frosinone.it/conservatorio/biblioteca.aspx</subfield>
         </datafield>
      </record>