
      <record>
         <leader>00000nz  a2200169   4500</leader>
         <controlfield tag="001">30003077</controlfield>
         <controlfield tag="003">RISM</controlfield>
         <controlfield tag="005">20160216</controlfield>
         <controlfield tag="008">160216n||az|||||||##########||||||||||||</controlfield>
         <datafield tag="040" ind1=" " ind2=" ">
            <subfield code="a">I-Fu</subfield>
         </datafield>
         <datafield tag="043" ind1=" " ind2=" ">
            <subfield code="c">XA-IT</subfield>
         </datafield>
         <datafield tag="110" ind1="2" ind2=" ">
            <subfield code="a">Biblioteca umanistica - Lettere dell'Università degli studi di Firenze</subfield>
            <subfield code="c">Firenze</subfield>
            <subfield code="g">I-Fu</subfield>
         </datafield>
         <datafield tag="410" ind1="2" ind2=" ">
            <subfield code="a">Biblioteca dell'Università, Facoltà di Lettere e Filosofia</subfield>
         </datafield>
         <datafield tag="622" ind1=" " ind2=" ">
            <subfield code="e">Biblioteca umanistica - Lettere,  dell'Università degli studi di Firenze, Piazza Brunelleschi, 4, 50121 Firenze (FI), Italy</subfield>
            <subfield code="u">http://www.sba.unifi.it/CMpro-v-p-385.html</subfield>
         </datafield>
      </record>