
      <record>
         <leader>00000nz  a2200169   4500</leader>
         <controlfield tag="001">30001801</controlfield>
         <controlfield tag="003">RISM</controlfield>
         <controlfield tag="005">20160216</controlfield>
         <controlfield tag="008">160216n||az|||||||##########||||||||||||</controlfield>
         <datafield tag="040" ind1=" " ind2=" ">
            <subfield code="a">I-FZac</subfield>
         </datafield>
         <datafield tag="043" ind1=" " ind2=" ">
            <subfield code="c">XA-IT</subfield>
         </datafield>
         <datafield tag="110" ind1="2" ind2=" ">
            <subfield code="a">Archivio capitolare - Biblioteca</subfield>
            <subfield code="c">Faenza</subfield>
            <subfield code="g">I-FZac</subfield>
         </datafield>
         <datafield tag="410" ind1="2" ind2=" ">
            <subfield code="a">Biblioteca del Capitolo del Duomo di Faenza</subfield>
         </datafield>
         <datafield tag="410" ind1="2" ind2=" ">
            <subfield code="a">Archivio e Biblioteca della Cattedrale</subfield>
         </datafield>
         <datafield tag="622" ind1=" " ind2=" ">
            <subfield code="e">Archivio capitolare - Biblioteca, Piazza XI febbraio, 3, 48018 Faenza (RA), Italy</subfield>
         </datafield>
      </record>