
      <record>
         <leader>00000nz  a2200169   4500</leader>
         <controlfield tag="001">30000142</controlfield>
         <controlfield tag="003">RISM</controlfield>
         <controlfield tag="005">20160216</controlfield>
         <controlfield tag="008">160216n||az|||||||##########||||||||||||</controlfield>
         <datafield tag="040" ind1=" " ind2=" ">
            <subfield code="a">I-FZc</subfield>
         </datafield>
         <datafield tag="043" ind1=" " ind2=" ">
            <subfield code="c">XA-IT</subfield>
         </datafield>
         <datafield tag="110" ind1="2" ind2=" ">
            <subfield code="a">Biblioteca comunale Manfrediana</subfield>
            <subfield code="c">Faenza</subfield>
            <subfield code="g">I-FZc</subfield>
         </datafield>
         <datafield tag="622" ind1=" " ind2=" ">
            <subfield code="e">Biblioteca comunale Manfrediana, Via Manfredi, 14, 48018 Faenza (RA), Italy</subfield>
            <subfield code="u">http://manfrediana2.racine.ra.it/</subfield>
         </datafield>
      </record>