
      <record>
         <leader>00000nz  a2200169   4500</leader>
         <controlfield tag="001">30004725</controlfield>
         <controlfield tag="003">RISM</controlfield>
         <controlfield tag="005">20160216</controlfield>
         <controlfield tag="008">160216n||az|||||||##########||||||||||||</controlfield>
         <datafield tag="040" ind1=" " ind2=" ">
            <subfield code="a">I-FZs</subfield>
         </datafield>
         <datafield tag="043" ind1=" " ind2=" ">
            <subfield code="c">XA-IT</subfield>
         </datafield>
         <datafield tag="110" ind1="2" ind2=" ">
            <subfield code="a">Biblioteca Cardinale Gaetano Cicognani (Seminario Diocesano)</subfield>
            <subfield code="c">Faenza</subfield>
            <subfield code="g">I-FZs</subfield>
         </datafield>
         <datafield tag="622" ind1=" " ind2=" ">
            <subfield code="e">Biblioteca Cardinale Gaetano Cicognani, (Seminario Diocesano), Viale Stradone 30, I-48018 Faenza (RA)., Regione Emilia Romagna</subfield>
         </datafield>
      </record>