
      <record>
         <leader>00000nz  a2200169   4500</leader>
         <controlfield tag="001">30003458</controlfield>
         <controlfield tag="003">RISM</controlfield>
         <controlfield tag="005">20160216</controlfield>
         <controlfield tag="008">160216n||az|||||||##########||||||||||||</controlfield>
         <datafield tag="040" ind1=" " ind2=" ">
            <subfield code="a">I-FZsavini</subfield>
         </datafield>
         <datafield tag="043" ind1=" " ind2=" ">
            <subfield code="c">XA-IT</subfield>
         </datafield>
         <datafield tag="110" ind1="2" ind2=" ">
            <subfield code="a">Biblioteca privata Ino Savini</subfield>
            <subfield code="c">Faenza</subfield>
            <subfield code="g">I-FZsavini</subfield>
         </datafield>
         <datafield tag="410" ind1="2" ind2=" ">
            <subfield code="a">Ino Savini, private collection</subfield>
         </datafield>
         <datafield tag="622" ind1=" " ind2=" ">
            <subfield code="e">Biblioteca privata Ino Savini, I-48018 Faenza (RA). Regione Emilia, Romagna</subfield>
         </datafield>
      </record>