
      <record>
         <leader>00000nz  a2200169   4500</leader>
         <controlfield tag="001">30003464</controlfield>
         <controlfield tag="003">RISM</controlfield>
         <controlfield tag="005">20160216</controlfield>
         <controlfield tag="008">160216n||az|||||||##########||||||||||||</controlfield>
         <datafield tag="040" ind1=" " ind2=" ">
            <subfield code="a">I-GA</subfield>
         </datafield>
         <datafield tag="043" ind1=" " ind2=" ">
            <subfield code="c">XA-IT</subfield>
         </datafield>
         <datafield tag="110" ind1="2" ind2=" ">
            <subfield code="a">Museo Parrocchiale della Badia di San Gemolo</subfield>
            <subfield code="c">Valganna</subfield>
            <subfield code="g">I-GA</subfield>
         </datafield>
         <datafield tag="410" ind1="2" ind2=" ">
            <subfield code="a">Biblioteca della Badia di Ganna</subfield>
         </datafield>
         <datafield tag="622" ind1=" " ind2=" ">
            <subfield code="e">Museo Parrocchiale della Badia di San,  Gemolo, Via Perego, 5, 21039 Valganna (VA), Italy</subfield>
            <subfield code="u">http://www.badiadiganna.org/</subfield>
         </datafield>
      </record>