
      <record>
         <leader>00000nz  a2200169   4500</leader>
         <controlfield tag="001">30005183</controlfield>
         <controlfield tag="003">RISM</controlfield>
         <controlfield tag="005">20160216</controlfield>
         <controlfield tag="008">160216n||az|||||||##########||||||||||||</controlfield>
         <datafield tag="040" ind1=" " ind2=" ">
            <subfield code="a">I-GAEc</subfield>
         </datafield>
         <datafield tag="043" ind1=" " ind2=" ">
            <subfield code="c">XA-IT</subfield>
         </datafield>
         <datafield tag="110" ind1="2" ind2=" ">
            <subfield code="a">Convento, Biblioteca</subfield>
            <subfield code="c">Gaeta</subfield>
            <subfield code="g">I-GAEc</subfield>
         </datafield>
         <datafield tag="622" ind1=" " ind2=" ">
            <subfield code="e">Convento, Biblioteca, I-04024 Gaeta (LT). Regione Lazio</subfield>
         </datafield>
      </record>