
      <record>
         <leader>00000nz  a2200169   4500</leader>
         <controlfield tag="001">30004763</controlfield>
         <controlfield tag="003">RISM</controlfield>
         <controlfield tag="005">20160216</controlfield>
         <controlfield tag="008">160216n||az|||||||##########||||||||||||</controlfield>
         <datafield tag="040" ind1=" " ind2=" ">
            <subfield code="a">I-GARvi</subfield>
         </datafield>
         <datafield tag="043" ind1=" " ind2=" ">
            <subfield code="c">XA-IT</subfield>
         </datafield>
         <datafield tag="110" ind1="2" ind2=" ">
            <subfield code="a">Vittoriale degli Italiani, Biblioteca</subfield>
            <subfield code="c">Gardone Riviera</subfield>
            <subfield code="g">I-GARvi</subfield>
         </datafield>
         <datafield tag="410" ind1="2" ind2=" ">
            <subfield code="a">Biblioteca del Vittoriale</subfield>
         </datafield>
         <datafield tag="622" ind1=" " ind2=" ">
            <subfield code="e">Vittoriale degli Italiani, Biblioteca, Via Vittoriale 12, I-25083 Gardone, Riviera (BS). Regione Lombardia</subfield>
         </datafield>
      </record>