
      <record>
         <leader>00000nz  a2200169   4500</leader>
         <controlfield tag="001">30080339</controlfield>
         <controlfield tag="003">RISM</controlfield>
         <controlfield tag="005">20160216</controlfield>
         <controlfield tag="008">160216n||az|||||||##########||||||||||||</controlfield>
         <datafield tag="040" ind1=" " ind2=" ">
            <subfield code="a">I-GCc</subfield>
         </datafield>
         <datafield tag="043" ind1=" " ind2=" ">
            <subfield code="c">XA-IT</subfield>
         </datafield>
         <datafield tag="110" ind1="2" ind2=" ">
            <subfield code="a">Biblioteca comunale Mons. Antonio Patrizi</subfield>
            <subfield code="c">Grotte di Castro</subfield>
            <subfield code="g">I-GCc</subfield>
         </datafield>
         <datafield tag="622" ind1=" " ind2=" ">
            <subfield code="e">Biblioteca comunale Mons. Antonio,  Patrizi, Piazza della Rocca, 9, 01025 Grotte di Castro (VT), Italy</subfield>
            <subfield code="u">http://www.comune.grottedicastro.vt.it/index.php?T1=20</subfield>
         </datafield>
      </record>