
      <record>
         <leader>00000nz  a2200169   4500</leader>
         <controlfield tag="001">30004742</controlfield>
         <controlfield tag="003">RISM</controlfield>
         <controlfield tag="005">20160216</controlfield>
         <controlfield tag="008">160216n||az|||||||##########||||||||||||</controlfield>
         <datafield tag="040" ind1=" " ind2=" ">
            <subfield code="a">I-Gcortese</subfield>
         </datafield>
         <datafield tag="043" ind1=" " ind2=" ">
            <subfield code="c">XA-IT</subfield>
         </datafield>
         <datafield tag="110" ind1="2" ind2=" ">
            <subfield code="a">Biblioteca privata Luigi Cortese</subfield>
            <subfield code="c">Genova</subfield>
            <subfield code="g">I-Gcortese</subfield>
         </datafield>
         <datafield tag="622" ind1=" " ind2=" ">
            <subfield code="e">Biblioteca privata Luigi Cortese, Belvedere L. Montaldo 2, I-16125, Genova. Regione Liguria</subfield>
         </datafield>
      </record>