
      <record>
         <leader>00000nz  a2200169   4500</leader>
         <controlfield tag="001">30005189</controlfield>
         <controlfield tag="003">RISM</controlfield>
         <controlfield tag="005">20160216</controlfield>
         <controlfield tag="008">160216n||az|||||||##########||||||||||||</controlfield>
         <datafield tag="040" ind1=" " ind2=" ">
            <subfield code="a">I-Gcsf</subfield>
         </datafield>
         <datafield tag="043" ind1=" " ind2=" ">
            <subfield code="c">XA-IT</subfield>
         </datafield>
         <datafield tag="110" ind1="2" ind2=" ">
            <subfield code="a">Centro Studi Francescani per la Liguria, Biblioteca</subfield>
            <subfield code="c">Genova</subfield>
            <subfield code="g">I-Gcsf</subfield>
         </datafield>
         <datafield tag="622" ind1=" " ind2=" ">
            <subfield code="e">Centro Studi Francescani per la, Liguria, Biblioteca, Piazza Pedro Ferreira 2/3a, I-16135, Genova. Regione Liguria</subfield>
         </datafield>
      </record>