
      <record>
         <leader>00000nz  a2200169   4500</leader>
         <controlfield tag="001">30003847</controlfield>
         <controlfield tag="003">RISM</controlfield>
         <controlfield tag="005">20160216</controlfield>
         <controlfield tag="008">160216n||az|||||||##########||||||||||||</controlfield>
         <datafield tag="040" ind1=" " ind2=" ">
            <subfield code="a">I-GDLcc</subfield>
         </datafield>
         <datafield tag="043" ind1=" " ind2=" ">
            <subfield code="c">XA-IT</subfield>
         </datafield>
         <datafield tag="110" ind1="2" ind2=" ">
            <subfield code="a">Chiesa Collegiata di S. Maria Maggiore, Archivio</subfield>
            <subfield code="c">Guardiagrele</subfield>
            <subfield code="g">I-GDLcc</subfield>
         </datafield>
         <datafield tag="410" ind1="2" ind2=" ">
            <subfield code="a">S. Maria Maggiore</subfield>
         </datafield>
         <datafield tag="622" ind1=" " ind2=" ">
            <subfield code="e">Chiesa Collegiata di S. Maria Maggiore,, Archivio, Piazza S. Maria Maggiore, I-66016, Guardiagrele (CH). Regione Abruzzo</subfield>
         </datafield>
      </record>