
      <record>
         <leader>00000nz  a2200169   4500</leader>
         <controlfield tag="001">30001806</controlfield>
         <controlfield tag="003">RISM</controlfield>
         <controlfield tag="005">20160216</controlfield>
         <controlfield tag="008">160216n||az|||||||##########||||||||||||</controlfield>
         <datafield tag="040" ind1=" " ind2=" ">
            <subfield code="a">I-GE</subfield>
         </datafield>
         <datafield tag="043" ind1=" " ind2=" ">
            <subfield code="c">XA-IT</subfield>
         </datafield>
         <datafield tag="110" ind1="2" ind2=" ">
            <subfield code="a">Archivio arcipretale e Tesoro del Duomo</subfield>
            <subfield code="c">Gemona del Friuli</subfield>
            <subfield code="g">I-GE</subfield>
         </datafield>
         <datafield tag="410" ind1="2" ind2=" ">
            <subfield code="a">Archivio del Duomo</subfield>
         </datafield>
         <datafield tag="622" ind1=" " ind2=" ">
            <subfield code="e">Archivio arcipretale e Tesoro del Duomo, Pieve di S. Maria Assunta, Via G. Bini, 33, 33013 Gemona del Friuli (UD), Italy</subfield>
         </datafield>
      </record>