
      <record>
         <leader>00000nz  a2200169   4500</leader>
         <controlfield tag="001">30080337</controlfield>
         <controlfield tag="003">RISM</controlfield>
         <controlfield tag="005">20160216</controlfield>
         <controlfield tag="008">160216n||az|||||||##########||||||||||||</controlfield>
         <datafield tag="040" ind1=" " ind2=" ">
            <subfield code="a">I-GENc</subfield>
         </datafield>
         <datafield tag="043" ind1=" " ind2=" ">
            <subfield code="c">XA-IT</subfield>
         </datafield>
         <datafield tag="110" ind1="2" ind2=" ">
            <subfield code="a">Biblioteca comunale Carlo Levi</subfield>
            <subfield code="c">Genzano di Roma</subfield>
            <subfield code="g">I-GENc</subfield>
         </datafield>
         <datafield tag="622" ind1=" " ind2=" ">
            <subfield code="e">Biblioteca comunale Carlo Levi, Viale Mazzini, 12, 00045 Genzano di Roma (RM), Italy</subfield>
            <subfield code="u">http://sistema-bibliotecario.provincia.roma.it/content/biblioteca-comunale-genzano-di-roma</subfield>
         </datafield>
      </record>