
      <record>
         <leader>00000nz  a2200169   4500</leader>
         <controlfield tag="001">30003078</controlfield>
         <controlfield tag="003">RISM</controlfield>
         <controlfield tag="005">20160216</controlfield>
         <controlfield tag="008">160216n||az|||||||##########||||||||||||</controlfield>
         <datafield tag="040" ind1=" " ind2=" ">
            <subfield code="a">I-Gf</subfield>
         </datafield>
         <datafield tag="043" ind1=" " ind2=" ">
            <subfield code="c">XA-IT</subfield>
         </datafield>
         <datafield tag="110" ind1="2" ind2=" ">
            <subfield code="a">Biblioteca Franzoniana</subfield>
            <subfield code="c">Genova</subfield>
            <subfield code="g">I-Gf</subfield>
         </datafield>
         <datafield tag="622" ind1=" " ind2=" ">
            <subfield code="e">Biblioteca Franzoniana, Piazza Corvetto 3, I-16122 Genova., Regione Liguria</subfield>
         </datafield>
      </record>