
      <record>
         <leader>00000nz  a2200169   4500</leader>
         <controlfield tag="001">30004744</controlfield>
         <controlfield tag="003">RISM</controlfield>
         <controlfield tag="005">20160216</controlfield>
         <controlfield tag="008">160216n||az|||||||##########||||||||||||</controlfield>
         <datafield tag="040" ind1=" " ind2=" ">
            <subfield code="a">I-Gfg</subfield>
         </datafield>
         <datafield tag="043" ind1=" " ind2=" ">
            <subfield code="c">XA-IT</subfield>
         </datafield>
         <datafield tag="110" ind1="2" ind2=" ">
            <subfield code="a">Biblioteca Civica Francesco Gallino</subfield>
            <subfield code="c">Genova</subfield>
            <subfield code="g">I-Gfg</subfield>
         </datafield>
         <datafield tag="410" ind1="2" ind2=" ">
            <subfield code="a">Biblioteca Comunale Francesco Gallino</subfield>
         </datafield>
         <datafield tag="622" ind1=" " ind2=" ">
            <subfield code="e">Biblioteca Civica Francesco Gallino, Via D'Aste 8/A, I-16149 Genova, -Sampierdarena. Regione Liguria</subfield>
         </datafield>
      </record>