
      <record>
         <leader>00000nz  a2200169   4500</leader>
         <controlfield tag="001">30004745</controlfield>
         <controlfield tag="003">RISM</controlfield>
         <controlfield tag="005">20160216</controlfield>
         <controlfield tag="008">160216n||az|||||||##########||||||||||||</controlfield>
         <datafield tag="040" ind1=" " ind2=" ">
            <subfield code="a">I-Gg</subfield>
         </datafield>
         <datafield tag="043" ind1=" " ind2=" ">
            <subfield code="c">XA-IT</subfield>
         </datafield>
         <datafield tag="110" ind1="2" ind2=" ">
            <subfield code="a">Chiesa del Gesù, Biblioteca e Archivio dei Gesuiti</subfield>
            <subfield code="c">Genova</subfield>
            <subfield code="g">I-Gg</subfield>
         </datafield>
         <datafield tag="410" ind1="2" ind2=" ">
            <subfield code="a">Biblioteca e Archivio della Casa del Gesù</subfield>
         </datafield>
         <datafield tag="622" ind1=" " ind2=" ">
            <subfield code="e">Chiesa del Gesù, Biblioteca e Archivio, dei Gesuiti, Via Petrarca, I-16121 Genova. Regione, Liguria</subfield>
         </datafield>
      </record>