
      <record>
         <leader>00000nz  a2200169   4500</leader>
         <controlfield tag="001">30003460</controlfield>
         <controlfield tag="003">RISM</controlfield>
         <controlfield tag="005">20160216</controlfield>
         <controlfield tag="008">160216n||az|||||||##########||||||||||||</controlfield>
         <datafield tag="040" ind1=" " ind2=" ">
            <subfield code="a">I-Ggrasso</subfield>
         </datafield>
         <datafield tag="043" ind1=" " ind2=" ">
            <subfield code="c">XA-IT</subfield>
         </datafield>
         <datafield tag="110" ind1="2" ind2=" ">
            <subfield code="a">Biblioteca privata Lorenzina Grasso</subfield>
            <subfield code="c">Genova</subfield>
            <subfield code="g">I-Ggrasso</subfield>
         </datafield>
         <datafield tag="410" ind1="2" ind2=" ">
            <subfield code="a">Lorenzina Grasso, private collection</subfield>
         </datafield>
         <datafield tag="622" ind1=" " ind2=" ">
            <subfield code="e">Biblioteca privata Lorenzina Grasso, Salita S. Gerolamo 8, I-16100 Genova., Regione Liguria</subfield>
         </datafield>
      </record>