
      <record>
         <leader>00000nz  a2200169   4500</leader>
         <controlfield tag="001">30003461</controlfield>
         <controlfield tag="003">RISM</controlfield>
         <controlfield tag="005">20160216</controlfield>
         <controlfield tag="008">160216n||az|||||||##########||||||||||||</controlfield>
         <datafield tag="040" ind1=" " ind2=" ">
            <subfield code="a">I-Gim</subfield>
         </datafield>
         <datafield tag="043" ind1=" " ind2=" ">
            <subfield code="c">XA-IT</subfield>
         </datafield>
         <datafield tag="110" ind1="2" ind2=" ">
            <subfield code="a">Civico Istituto Mazziniano, Biblioteca</subfield>
            <subfield code="c">Genova</subfield>
            <subfield code="g">I-Gim</subfield>
         </datafield>
         <datafield tag="410" ind1="2" ind2=" ">
            <subfield code="a">Museo del Risorgimento e Museo delle Guerre</subfield>
         </datafield>
         <datafield tag="410" ind1="2" ind2=" ">
            <subfield code="a">Biblioteca dell'Instituto Mazziniano, Museo del Risorgimento e Museo dell Guerre</subfield>
         </datafield>
         <datafield tag="410" ind1="2" ind2=" ">
            <subfield code="a">Istituto Mazziniano</subfield>
         </datafield>
         <datafield tag="410" ind1="2" ind2=" ">
            <subfield code="a">Istituto Mazziniano, Biblioteca</subfield>
         </datafield>
         <datafield tag="622" ind1=" " ind2=" ">
            <subfield code="e">Civico Istituto Mazziniano, Biblioteca, Casa di Giuseppe Mazzini, Via Lomellini, 11, I-16124 Genova</subfield>
         </datafield>
      </record>