
      <record>
         <leader>00000nz  a2200169   4500</leader>
         <controlfield tag="001">30005022</controlfield>
         <controlfield tag="003">RISM</controlfield>
         <controlfield tag="005">20160216</controlfield>
         <controlfield tag="008">160216n||az|||||||##########||||||||||||</controlfield>
         <datafield tag="040" ind1=" " ind2=" ">
            <subfield code="a">I-Gip</subfield>
         </datafield>
         <datafield tag="043" ind1=" " ind2=" ">
            <subfield code="c">XA-IT</subfield>
         </datafield>
         <datafield tag="110" ind1="2" ind2=" ">
            <subfield code="a">Istituto Antonio Piccardo dei Figli di Maria, Biblioteca</subfield>
            <subfield code="c">Genova</subfield>
            <subfield code="g">I-Gip</subfield>
         </datafield>
         <datafield tag="410" ind1="2" ind2=" ">
            <subfield code="a">Istituto Scolastico Antonio Piccardo, Biblioteca</subfield>
         </datafield>
         <datafield tag="622" ind1=" " ind2=" ">
            <subfield code="e">Istituto Antonio Piccardo dei Figli di, Maria, Biblioteca, Via Jacopo Ruffini 14, I-16128 Genova., Regione Liguria</subfield>
         </datafield>
      </record>