
      <record>
         <leader>00000nz  a2200169   4500</leader>
         <controlfield tag="001">30001802</controlfield>
         <controlfield tag="003">RISM</controlfield>
         <controlfield tag="005">20160216</controlfield>
         <controlfield tag="008">160216n||az|||||||##########||||||||||||</controlfield>
         <datafield tag="040" ind1=" " ind2=" ">
            <subfield code="a">I-Gl</subfield>
         </datafield>
         <datafield tag="043" ind1=" " ind2=" ">
            <subfield code="c">XA-IT</subfield>
         </datafield>
         <datafield tag="110" ind1="2" ind2=" ">
            <subfield code="a">Biblioteca del Conservatorio di musica Niccolò Paganini</subfield>
            <subfield code="c">Genova</subfield>
            <subfield code="g">I-Gl</subfield>
         </datafield>
         <datafield tag="622" ind1=" " ind2=" ">
            <subfield code="e">Biblioteca del Conservatorio di musica,  Niccolò Paganini, Via Albaro, 38, 16145 Genova (GE), Italy</subfield>
            <subfield code="u">http://www.conservatoriopaganini.org</subfield>
         </datafield>
      </record>