
      <record>
         <leader>00000nz  a2200169   4500</leader>
         <controlfield tag="001">30003465</controlfield>
         <controlfield tag="003">RISM</controlfield>
         <controlfield tag="005">20160216</controlfield>
         <controlfield tag="008">160216n||az|||||||##########||||||||||||</controlfield>
         <datafield tag="040" ind1=" " ind2=" ">
            <subfield code="a">I-GN</subfield>
         </datafield>
         <datafield tag="043" ind1=" " ind2=" ">
            <subfield code="c">XA-IT</subfield>
         </datafield>
         <datafield tag="110" ind1="2" ind2=" ">
            <subfield code="a">Biblioteca Comunale Vincenzo Bindi</subfield>
            <subfield code="c">Giulianova</subfield>
            <subfield code="g">I-GN</subfield>
         </datafield>
         <datafield tag="622" ind1=" " ind2=" ">
            <subfield code="e">Biblioteca Comunale Vincenzo Bindi, Corso Garibaldi 14, I-64021 Giulianova, (TE). Regione Abruzzo</subfield>
         </datafield>
      </record>