
      <record>
         <leader>00000nz  a2200169   4500</leader>
         <controlfield tag="001">30005556</controlfield>
         <controlfield tag="003">RISM</controlfield>
         <controlfield tag="005">20160216</controlfield>
         <controlfield tag="008">160216n||az|||||||##########||||||||||||</controlfield>
         <datafield tag="040" ind1=" " ind2=" ">
            <subfield code="a">I-Gnsm</subfield>
         </datafield>
         <datafield tag="043" ind1=" " ind2=" ">
            <subfield code="c">XA-IT</subfield>
         </datafield>
         <datafield tag="110" ind1="2" ind2=" ">
            <subfield code="a">Santuario - Basilica di Nostra Signora del Monte, Archivio</subfield>
            <subfield code="c">Genova</subfield>
            <subfield code="g">I-Gnsm</subfield>
         </datafield>
         <datafield tag="410" ind1="2" ind2=" ">
            <subfield code="a">Archivio di Nostra Signora del Monte</subfield>
         </datafield>
         <datafield tag="622" ind1=" " ind2=" ">
            <subfield code="e">Santuario - Basilica di Nostra Signora, del Monte, Archivio, Salita Nuova N. S. del Monte 15, I, -16143 Genova. Regione Liguria</subfield>
         </datafield>
      </record>