
      <record>
         <leader>00000nz  a2200169   4500</leader>
         <controlfield tag="001">30003466</controlfield>
         <controlfield tag="003">RISM</controlfield>
         <controlfield tag="005">20160216</controlfield>
         <controlfield tag="008">160216n||az|||||||##########||||||||||||</controlfield>
         <datafield tag="040" ind1=" " ind2=" ">
            <subfield code="a">I-GO</subfield>
         </datafield>
         <datafield tag="043" ind1=" " ind2=" ">
            <subfield code="c">XA-IT</subfield>
         </datafield>
         <datafield tag="110" ind1="2" ind2=" ">
            <subfield code="a">Seminario Teologico Centrale, Biblioteca</subfield>
            <subfield code="c">Gorizia</subfield>
            <subfield code="g">I-GO</subfield>
         </datafield>
         <datafield tag="410" ind1="2" ind2=" ">
            <subfield code="a">Seminario Maggiore</subfield>
         </datafield>
         <datafield tag="410" ind1="2" ind2=" ">
            <subfield code="a">Biblioteca del Seminario Arcivescovile Teologico Centrale (Maggiore)</subfield>
         </datafield>
         <datafield tag="410" ind1="2" ind2=" ">
            <subfield code="a">Seminario Teologico Centrale</subfield>
         </datafield>
         <datafield tag="410" ind1="2" ind2=" ">
            <subfield code="a">Seminario Teologico Centrale (Maggiore), Biblioteca</subfield>
         </datafield>
         <datafield tag="622" ind1=" " ind2=" ">
            <subfield code="e">Seminario Teologico Centrale, Biblioteca, Via del Seminario 7, I-34170 Gorizia., Regione Friuli Venezia Giulia</subfield>
         </datafield>
      </record>