
      <record>
         <leader>00000nz  a2200169   4500</leader>
         <controlfield tag="001">30005193</controlfield>
         <controlfield tag="003">RISM</controlfield>
         <controlfield tag="005">20160216</controlfield>
         <controlfield tag="008">160216n||az|||||||##########||||||||||||</controlfield>
         <datafield tag="040" ind1=" " ind2=" ">
            <subfield code="a">I-GOi</subfield>
         </datafield>
         <datafield tag="043" ind1=" " ind2=" ">
            <subfield code="c">XA-IT</subfield>
         </datafield>
         <datafield tag="110" ind1="2" ind2=" ">
            <subfield code="a">Fondazione Musicale Città di Gorizia, Istituto di Musica, Biblioteca</subfield>
            <subfield code="c">Gorizia</subfield>
            <subfield code="g">I-GOi</subfield>
         </datafield>
         <datafield tag="410" ind1="2" ind2=" ">
            <subfield code="a">Biblioteca dell'Istituto Comunale di Musica</subfield>
         </datafield>
         <datafield tag="622" ind1=" " ind2=" ">
            <subfield code="e">Fondazione Musicale Città di Gorizia,, Istituto di Musica, Biblioteca, Via Oberdan 15, I-34170 Gorizia., Regione Friuli Venezia Giulia</subfield>
         </datafield>
      </record>