
      <record>
         <leader>00000nz  a2200169   4500</leader>
         <controlfield tag="001">30004748</controlfield>
         <controlfield tag="003">RISM</controlfield>
         <controlfield tag="005">20160216</controlfield>
         <controlfield tag="008">160216n||az|||||||##########||||||||||||</controlfield>
         <datafield tag="040" ind1=" " ind2=" ">
            <subfield code="a">I-Gpc</subfield>
         </datafield>
         <datafield tag="043" ind1=" " ind2=" ">
            <subfield code="c">XA-IT</subfield>
         </datafield>
         <datafield tag="110" ind1="2" ind2=" ">
            <subfield code="a">Biblioteca Provinciale dei Cappuccini Liguri</subfield>
            <subfield code="c">Genova</subfield>
            <subfield code="g">I-Gpc</subfield>
         </datafield>
         <datafield tag="410" ind1="2" ind2=" ">
            <subfield code="a">Biblioteca Provinciale dei Padri Cappuccini Liguri</subfield>
         </datafield>
         <datafield tag="622" ind1=" " ind2=" ">
            <subfield code="e">Biblioteca Provinciale dei Cappuccini, Liguri, Viale 4 Novembre 5, I-16151 Genova., Regione Liguria</subfield>
         </datafield>
      </record>