
      <record>
         <leader>00000nz  a2200169   4500</leader>
         <controlfield tag="001">30004749</controlfield>
         <controlfield tag="003">RISM</controlfield>
         <controlfield tag="005">20160216</controlfield>
         <controlfield tag="008">160216n||az|||||||##########||||||||||||</controlfield>
         <datafield tag="040" ind1=" " ind2=" ">
            <subfield code="a">I-Gps</subfield>
         </datafield>
         <datafield tag="043" ind1=" " ind2=" ">
            <subfield code="c">XA-IT</subfield>
         </datafield>
         <datafield tag="110" ind1="2" ind2=" ">
            <subfield code="a">Istituto Calasanzio dei Padri Scolopi, Biblioteca</subfield>
            <subfield code="c">Genova</subfield>
            <subfield code="g">I-Gps</subfield>
         </datafield>
         <datafield tag="410" ind1="2" ind2=" ">
            <subfield code="a">Istituto Calasanzio degli Padri Scolopi, Biblioteca</subfield>
         </datafield>
         <datafield tag="622" ind1=" " ind2=" ">
            <subfield code="e">Istituto Calasanzio dei Padri Scolopi,, Biblioteca, Via Nino Cervetto 40, I-16152 Genova, -Cornigliano. Regione Liguria</subfield>
         </datafield>
      </record>