
      <record>
         <leader>00000nz  a2200169   4500</leader>
         <controlfield tag="001">30079567</controlfield>
         <controlfield tag="003">RISM</controlfield>
         <controlfield tag="005">20160216</controlfield>
         <controlfield tag="008">160216n||az|||||||##########||||||||||||</controlfield>
         <datafield tag="040" ind1=" " ind2=" ">
            <subfield code="a">I-GRA</subfield>
         </datafield>
         <datafield tag="043" ind1=" " ind2=" ">
            <subfield code="c">IT</subfield>
         </datafield>
         <datafield tag="110" ind1="2" ind2=" ">
            <subfield code="a">Fondazione E. Pomarici Santomasi - Archivio Storico</subfield>
            <subfield code="c">Gravina in Puglia</subfield>
            <subfield code="g">I-GRA</subfield>
         </datafield>
         <datafield tag="622" ind1=" " ind2=" ">
            <subfield code="e">Fondazione E. Pomarici Santomasi -,  Archivio Storico, Via Museo 20, 70024 Gravina in Puglia, Italy</subfield>
            <subfield code="u">http://fondazionesantomasi.it/archivio-storico/</subfield>
         </datafield>
      </record>