
      <record>
         <leader>00000nz  a2200169   4500</leader>
         <controlfield tag="001">30080338</controlfield>
         <controlfield tag="003">RISM</controlfield>
         <controlfield tag="005">20160216</controlfield>
         <controlfield tag="008">160216n||az|||||||##########||||||||||||</controlfield>
         <datafield tag="040" ind1=" " ind2=" ">
            <subfield code="a">I-GRe</subfield>
         </datafield>
         <datafield tag="043" ind1=" " ind2=" ">
            <subfield code="c">XA-IT</subfield>
         </datafield>
         <datafield tag="110" ind1="2" ind2=" ">
            <subfield code="a">Biblioteca del Monastero Esarchico</subfield>
            <subfield code="c">Grottaferrata</subfield>
            <subfield code="g">I-GRe</subfield>
         </datafield>
         <datafield tag="622" ind1=" " ind2=" ">
            <subfield code="e">Biblioteca del Monastero Esarchico, Corso del Popolo, 128, 00046 Grottaferrata (RM), Italy</subfield>
            <subfield code="u">http://www.abbaziagreca.it/</subfield>
         </datafield>
      </record>