
      <record>
         <leader>00000nz  a2200169   4500</leader>
         <controlfield tag="001">30004765</controlfield>
         <controlfield tag="003">RISM</controlfield>
         <controlfield tag="005">20160216</controlfield>
         <controlfield tag="008">160216n||az|||||||##########||||||||||||</controlfield>
         <datafield tag="040" ind1=" " ind2=" ">
            <subfield code="a">I-GREcf</subfield>
         </datafield>
         <datafield tag="043" ind1=" " ind2=" ">
            <subfield code="c">XA-IT</subfield>
         </datafield>
         <datafield tag="110" ind1="2" ind2=" ">
            <subfield code="a">Biblioteca del Convento Francescano</subfield>
            <subfield code="c">Greccio</subfield>
            <subfield code="g">I-GREcf</subfield>
         </datafield>
         <datafield tag="410" ind1="2" ind2=" ">
            <subfield code="a">Biblioteca del Santuario Francescano del Presepio</subfield>
         </datafield>
         <datafield tag="622" ind1=" " ind2=" ">
            <subfield code="e">Biblioteca del Convento Francescano, Via S. Francesco, 1, 02040 Greccio (RI), Italy</subfield>
         </datafield>
      </record>