
      <record>
         <leader>00000nz  a2200169   4500</leader>
         <controlfield tag="001">30005195</controlfield>
         <controlfield tag="003">RISM</controlfield>
         <controlfield tag="005">20160216</controlfield>
         <controlfield tag="008">160216n||az|||||||##########||||||||||||</controlfield>
         <datafield tag="040" ind1=" " ind2=" ">
            <subfield code="a">I-GROm</subfield>
         </datafield>
         <datafield tag="043" ind1=" " ind2=" ">
            <subfield code="c">XA-IT</subfield>
         </datafield>
         <datafield tag="110" ind1="2" ind2=" ">
            <subfield code="a">Curia Vescovile, Museo d'Arte Sacra</subfield>
            <subfield code="c">Grosseto</subfield>
            <subfield code="g">I-GROm</subfield>
         </datafield>
         <datafield tag="622" ind1=" " ind2=" ">
            <subfield code="e">Curia Vescovile, Museo d'Arte Sacra, Via Garibaldi 8, I-58100 Grosseto., Regione Toscana</subfield>
         </datafield>
      </record>