
      <record>
         <leader>00000nz  a2200169   4500</leader>
         <controlfield tag="001">30004771</controlfield>
         <controlfield tag="003">RISM</controlfield>
         <controlfield tag="005">20160216</controlfield>
         <controlfield tag="008">160216n||az|||||||##########||||||||||||</controlfield>
         <datafield tag="040" ind1=" " ind2=" ">
            <subfield code="a">I-GRUc</subfield>
         </datafield>
         <datafield tag="043" ind1=" " ind2=" ">
            <subfield code="c">XA-IT</subfield>
         </datafield>
         <datafield tag="110" ind1="2" ind2=" ">
            <subfield code="a">Biblioteca Civica Centrale Pablo Neruda</subfield>
            <subfield code="c">Grugliasco</subfield>
            <subfield code="g">I-GRUc</subfield>
         </datafield>
         <datafield tag="410" ind1="2" ind2=" ">
            <subfield code="a">Biblioteca Civica Pablo Neruda</subfield>
         </datafield>
         <datafield tag="622" ind1=" " ind2=" ">
            <subfield code="e">Biblioteca Civica Centrale Pablo Neruda, Piazza Matteotti 39, I-10095 Grugliasco, (TO). Regione Piemonte</subfield>
         </datafield>
      </record>