
      <record>
         <leader>00000nz  a2200169   4500</leader>
         <controlfield tag="001">30004750</controlfield>
         <controlfield tag="003">RISM</controlfield>
         <controlfield tag="005">20160216</controlfield>
         <controlfield tag="008">160216n||az|||||||##########||||||||||||</controlfield>
         <datafield tag="040" ind1=" " ind2=" ">
            <subfield code="a">I-Gsa</subfield>
         </datafield>
         <datafield tag="043" ind1=" " ind2=" ">
            <subfield code="c">XA-IT</subfield>
         </datafield>
         <datafield tag="110" ind1="2" ind2=" ">
            <subfield code="a">Seminario Arcivescovile Maggiore Benedetto XV, Biblioteca</subfield>
            <subfield code="c">Genova</subfield>
            <subfield code="g">I-Gsa</subfield>
         </datafield>
         <datafield tag="410" ind1="2" ind2=" ">
            <subfield code="a">Seminario Arcivescovile Maggiore, Biblioteca</subfield>
         </datafield>
         <datafield tag="622" ind1=" " ind2=" ">
            <subfield code="e">Seminario Arcivescovile Maggiore, Benedetto XV, Biblioteca, Salita E. Cavallo 104, I-16136 Genova., Regione Liguria</subfield>
         </datafield>
      </record>