
      <record>
         <leader>00000nz  a2200169   4500</leader>
         <controlfield tag="001">30004751</controlfield>
         <controlfield tag="003">RISM</controlfield>
         <controlfield tag="005">20160216</controlfield>
         <controlfield tag="008">160216n||az|||||||##########||||||||||||</controlfield>
         <datafield tag="040" ind1=" " ind2=" ">
            <subfield code="a">I-Gsac</subfield>
         </datafield>
         <datafield tag="043" ind1=" " ind2=" ">
            <subfield code="c">XA-IT</subfield>
         </datafield>
         <datafield tag="110" ind1="2" ind2=" ">
            <subfield code="a">SS. Annunziata della Costa, Biblioteca</subfield>
            <subfield code="c">Genova</subfield>
            <subfield code="g">I-Gsac</subfield>
         </datafield>
         <datafield tag="410" ind1="2" ind2=" ">
            <subfield code="a">Archivio della Chiesa di S. Maria della Costa</subfield>
         </datafield>
         <datafield tag="410" ind1="2" ind2=" ">
            <subfield code="a">Archivio della Chiesa di SS. della Costa</subfield>
         </datafield>
         <datafield tag="622" ind1=" " ind2=" ">
            <subfield code="e">SS. Annunziata della Costa, Biblioteca, Via Gazzo 29, I-16154 Genova-Sestri., Regione Liguria</subfield>
         </datafield>
      </record>