
      <record>
         <leader>00000nz  a2200169   4500</leader>
         <controlfield tag="001">30003462</controlfield>
         <controlfield tag="003">RISM</controlfield>
         <controlfield tag="005">20160216</controlfield>
         <controlfield tag="008">160216n||az|||||||##########||||||||||||</controlfield>
         <datafield tag="040" ind1=" " ind2=" ">
            <subfield code="a">I-Gsc</subfield>
         </datafield>
         <datafield tag="043" ind1=" " ind2=" ">
            <subfield code="c">XA-IT</subfield>
         </datafield>
         <datafield tag="110" ind1="2" ind2=" ">
            <subfield code="a">S. Caterina (SS. Annunziata di Portaria), Archivio</subfield>
            <subfield code="c">Genova</subfield>
            <subfield code="g">I-Gsc</subfield>
         </datafield>
         <datafield tag="410" ind1="2" ind2=" ">
            <subfield code="a">Ss. Annunziata di Portaria</subfield>
         </datafield>
         <datafield tag="410" ind1="2" ind2=" ">
            <subfield code="a">S. Caterina, Archivio</subfield>
         </datafield>
         <datafield tag="410" ind1="2" ind2=" ">
            <subfield code="a">Biblioteca Provinciale dei PP. Cappuccini</subfield>
         </datafield>
         <datafield tag="622" ind1=" " ind2=" ">
            <subfield code="e">S. Caterina (SS. Annunziata di, Portaria), Archivio, Viale IV Novembre 5, I-16121 Genova., Regione Liguria</subfield>
         </datafield>
      </record>