
      <record>
         <leader>00000nz  a2200169   4500</leader>
         <controlfield tag="001">30004752</controlfield>
         <controlfield tag="003">RISM</controlfield>
         <controlfield tag="005">20160216</controlfield>
         <controlfield tag="008">160216n||az|||||||##########||||||||||||</controlfield>
         <datafield tag="040" ind1=" " ind2=" ">
            <subfield code="a">I-Gsfa</subfield>
         </datafield>
         <datafield tag="043" ind1=" " ind2=" ">
            <subfield code="c">XA-IT</subfield>
         </datafield>
         <datafield tag="110" ind1="2" ind2=" ">
            <subfield code="a">Convento di S. Francesco d'Albaro, Biblioteca</subfield>
            <subfield code="c">Genova</subfield>
            <subfield code="g">I-Gsfa</subfield>
         </datafield>
         <datafield tag="410" ind1="2" ind2=" ">
            <subfield code="a">Convento di S. Francesco d'Albaro</subfield>
         </datafield>
         <datafield tag="622" ind1=" " ind2=" ">
            <subfield code="e">Convento di S. Francesco d'Albaro,, Biblioteca, Via Albaro 33, I-16145 Genova. Regione, Liguria</subfield>
         </datafield>
      </record>