
      <record>
         <leader>00000nz  a2200169   4500</leader>
         <controlfield tag="001">30004753</controlfield>
         <controlfield tag="003">RISM</controlfield>
         <controlfield tag="005">20160216</controlfield>
         <controlfield tag="008">160216n||az|||||||##########||||||||||||</controlfield>
         <datafield tag="040" ind1=" " ind2=" ">
            <subfield code="a">I-Gsl</subfield>
         </datafield>
         <datafield tag="043" ind1=" " ind2=" ">
            <subfield code="c">XA-IT</subfield>
         </datafield>
         <datafield tag="110" ind1="2" ind2=" ">
            <subfield code="a">Archivio capitolare di S. Lorenzo</subfield>
            <subfield code="c">Genova</subfield>
            <subfield code="g">I-Gsl</subfield>
         </datafield>
         <datafield tag="410" ind1="2" ind2=" ">
            <subfield code="a">Archivio capitolare del Duomo</subfield>
         </datafield>
         <datafield tag="622" ind1=" " ind2=" ">
            <subfield code="e">Archivio capitolare di S. Lorenzo, c/o Museo diocesano, via Tommaso Reggio, 20r, 16123 Genova (GE), Italy</subfield>
            <subfield code="u">http://goo.gl/w1ymIS</subfield>
         </datafield>
      </record>