
      <record>
         <leader>00000nz  a2200169   4500</leader>
         <controlfield tag="001">30004754</controlfield>
         <controlfield tag="003">RISM</controlfield>
         <controlfield tag="005">20160216</controlfield>
         <controlfield tag="008">160216n||az|||||||##########||||||||||||</controlfield>
         <datafield tag="040" ind1=" " ind2=" ">
            <subfield code="a">I-Gsma</subfield>
         </datafield>
         <datafield tag="043" ind1=" " ind2=" ">
            <subfield code="c">XA-IT</subfield>
         </datafield>
         <datafield tag="110" ind1="2" ind2=" ">
            <subfield code="a">S. Maria Assunta, Biblioteca e Archivio</subfield>
            <subfield code="c">Genova</subfield>
            <subfield code="g">I-Gsma</subfield>
         </datafield>
         <datafield tag="622" ind1=" " ind2=" ">
            <subfield code="e">S. Maria Assunta, Biblioteca e Archivio, Via Travi 1, I-16154 Genova Sestri, Ponente. Regione Liguria</subfield>
         </datafield>
      </record>