
      <record>
         <leader>00000nz  a2200169   4500</leader>
         <controlfield tag="001">30001804</controlfield>
         <controlfield tag="003">RISM</controlfield>
         <controlfield tag="005">20160216</controlfield>
         <controlfield tag="008">160216n||az|||||||##########||||||||||||</controlfield>
         <datafield tag="040" ind1=" " ind2=" ">
            <subfield code="a">I-Gsmb</subfield>
         </datafield>
         <datafield tag="043" ind1=" " ind2=" ">
            <subfield code="c">XA-IT</subfield>
         </datafield>
         <datafield tag="110" ind1="2" ind2=" ">
            <subfield code="a">Biblioteca della Badia dei Benedettini di S. Andrea della Castagna</subfield>
            <subfield code="c">Genova</subfield>
            <subfield code="g">I-Gsmb</subfield>
         </datafield>
         <datafield tag="410" ind1="2" ind2=" ">
            <subfield code="a">Biblioteca della Badia dei Benedettini di S. Maria della Castagna</subfield>
         </datafield>
         <datafield tag="622" ind1=" " ind2=" ">
            <subfield code="e">Biblioteca della Badia dei Benedettini,  di S. Andrea della Castagna, Via Romana della Castagna, 11/a, 16148 Quarto - Genova (GE), Italy</subfield>
         </datafield>
      </record>