
      <record>
         <leader>00000nz  a2200169   4500</leader>
         <controlfield tag="001">30003463</controlfield>
         <controlfield tag="003">RISM</controlfield>
         <controlfield tag="005">20160216</controlfield>
         <controlfield tag="008">160216n||az|||||||##########||||||||||||</controlfield>
         <datafield tag="040" ind1=" " ind2=" ">
            <subfield code="a">I-Gsmd</subfield>
         </datafield>
         <datafield tag="043" ind1=" " ind2=" ">
            <subfield code="c">XA-IT</subfield>
         </datafield>
         <datafield tag="110" ind1="2" ind2=" ">
            <subfield code="a">S. Maria di Castello, Biblioteca dei Domenicani</subfield>
            <subfield code="c">Genova</subfield>
            <subfield code="g">I-Gsmd</subfield>
         </datafield>
         <datafield tag="410" ind1="2" ind2=" ">
            <subfield code="a">Biblioteca Antica del Convento Domenicano di S. Maria di Castello</subfield>
         </datafield>
         <datafield tag="622" ind1=" " ind2=" ">
            <subfield code="e">S. Maria di Castello, Biblioteca dei, Domenicani, Salita S. Maria di Castello 15, I-16123, Genova. Regione Liguria</subfield>
         </datafield>
      </record>