
      <record>
         <leader>00000nz  a2200169   4500</leader>
         <controlfield tag="001">30080469</controlfield>
         <controlfield tag="003">RISM</controlfield>
         <controlfield tag="005">20160216</controlfield>
         <controlfield tag="008">160216n||az|||||||##########||||||||||||</controlfield>
         <datafield tag="040" ind1=" " ind2=" ">
            <subfield code="a">I-Gsp</subfield>
         </datafield>
         <datafield tag="043" ind1=" " ind2=" ">
            <subfield code="c">XA-IT</subfield>
         </datafield>
         <datafield tag="110" ind1="2" ind2=" ">
            <subfield code="a">Archivio Spinola - Palazzo Spinola</subfield>
            <subfield code="c">Genova</subfield>
            <subfield code="g">I-Gsp</subfield>
         </datafield>
         <datafield tag="622" ind1=" " ind2=" ">
            <subfield code="e">Archivio Spinola - Palazzo Spinola, Galleria Nazionale, Piazza Pellicceria, 1, 16123 Genova (GE), Italy</subfield>
            <subfield code="u">http://www.palazzospinola.beniculturali.it/</subfield>
         </datafield>
      </record>