
      <record>
         <leader>00000nz  a2200169   4500</leader>
         <controlfield tag="001">30005197</controlfield>
         <controlfield tag="003">RISM</controlfield>
         <controlfield tag="005">20160216</controlfield>
         <controlfield tag="008">160216n||az|||||||##########||||||||||||</controlfield>
         <datafield tag="040" ind1=" " ind2=" ">
            <subfield code="a">I-GT</subfield>
         </datafield>
         <datafield tag="043" ind1=" " ind2=" ">
            <subfield code="c">XA-IT</subfield>
         </datafield>
         <datafield tag="110" ind1="2" ind2=" ">
            <subfield code="a">Notaio di Gualdo Tadino, Archivio</subfield>
            <subfield code="c">Gualdo Tadino</subfield>
            <subfield code="g">I-GT</subfield>
         </datafield>
         <datafield tag="622" ind1=" " ind2=" ">
            <subfield code="e">Notaio di Gualdo Tadino, Archivio, I-06023 Gualdo Tadino (PG). Regione, Umbria</subfield>
         </datafield>
      </record>