
      <record>
         <leader>00000nz  a2200169   4500</leader>
         <controlfield tag="001">30001805</controlfield>
         <controlfield tag="003">RISM</controlfield>
         <controlfield tag="005">20160216</controlfield>
         <controlfield tag="008">160216n||az|||||||##########||||||||||||</controlfield>
         <datafield tag="040" ind1=" " ind2=" ">
            <subfield code="a">I-Gu</subfield>
         </datafield>
         <datafield tag="043" ind1=" " ind2=" ">
            <subfield code="c">XA-IT</subfield>
         </datafield>
         <datafield tag="110" ind1="2" ind2=" ">
            <subfield code="a">Biblioteca Universitaria</subfield>
            <subfield code="c">Genova</subfield>
            <subfield code="g">I-Gu</subfield>
         </datafield>
         <datafield tag="622" ind1=" " ind2=" ">
            <subfield code="e">Biblioteca Universitaria, Via Balbi, 40, 16126 Genova (GE), Italy</subfield>
            <subfield code="u">http://www.bibliotecauniversitaria.ge.it</subfield>
         </datafield>
      </record>