
      <record>
         <leader>00000nz  a2200169   4500</leader>
         <controlfield tag="001">30003467</controlfield>
         <controlfield tag="003">RISM</controlfield>
         <controlfield tag="005">20160216</controlfield>
         <controlfield tag="008">160216n||az|||||||##########||||||||||||</controlfield>
         <datafield tag="040" ind1=" " ind2=" ">
            <subfield code="a">I-GUA</subfield>
         </datafield>
         <datafield tag="043" ind1=" " ind2=" ">
            <subfield code="c">XA-IT</subfield>
         </datafield>
         <datafield tag="110" ind1="2" ind2=" ">
            <subfield code="a">Biblioteca Municipale Maldotti</subfield>
            <subfield code="c">Guastalla</subfield>
            <subfield code="g">I-GUA</subfield>
         </datafield>
         <datafield tag="410" ind1="2" ind2=" ">
            <subfield code="a">Biblioteca Comunale Maldotti</subfield>
         </datafield>
         <datafield tag="622" ind1=" " ind2=" ">
            <subfield code="e">Biblioteca Municipale Maldotti, Via Garibaldi 54, I-42016 Guastalla, (RE). Regione Emilia Romagna</subfield>
         </datafield>
      </record>