
      <record>
         <leader>00000nz  a2200169   4500</leader>
         <controlfield tag="001">30001807</controlfield>
         <controlfield tag="003">RISM</controlfield>
         <controlfield tag="005">20160216</controlfield>
         <controlfield tag="008">160216n||az|||||||##########||||||||||||</controlfield>
         <datafield tag="040" ind1=" " ind2=" ">
            <subfield code="a">I-GUBd</subfield>
         </datafield>
         <datafield tag="043" ind1=" " ind2=" ">
            <subfield code="c">XA-IT</subfield>
         </datafield>
         <datafield tag="110" ind1="2" ind2=" ">
            <subfield code="a">Biblioteca diocesana Fonti</subfield>
            <subfield code="c">Gubbio</subfield>
            <subfield code="g">I-GUBd</subfield>
         </datafield>
         <datafield tag="410" ind1="2" ind2=" ">
            <subfield code="a">Biblioteca vescovile Fonti e Archivio diocesano con Biblioteca e Archivio capitolari</subfield>
         </datafield>
         <datafield tag="622" ind1=" " ind2=" ">
            <subfield code="e">Biblioteca diocesana Fonti, Largo Vescovado, 1, 06024 Gubbio (PG), Italy</subfield>
         </datafield>
      </record>