
      <record>
         <leader>00000nz  a2200169   4500</leader>
         <controlfield tag="001">30004773</controlfield>
         <controlfield tag="003">RISM</controlfield>
         <controlfield tag="005">20160216</controlfield>
         <controlfield tag="008">160216n||az|||||||##########||||||||||||</controlfield>
         <datafield tag="040" ind1=" " ind2=" ">
            <subfield code="a">I-GUBsd</subfield>
         </datafield>
         <datafield tag="043" ind1=" " ind2=" ">
            <subfield code="c">XA-IT</subfield>
         </datafield>
         <datafield tag="110" ind1="2" ind2=" ">
            <subfield code="a">Chiesa di S. Domenico, Archivio</subfield>
            <subfield code="c">Gubbio</subfield>
            <subfield code="g">I-GUBsd</subfield>
         </datafield>
         <datafield tag="580" ind1=" " ind2=" ">
            <subfield code="x">I-GUBa</subfield>
            <subfield code="0">30004772</subfield>
         </datafield>
      </record>