
      <record>
         <leader>00000nz  a2200169   4500</leader>
         <controlfield tag="001">30003080</controlfield>
         <controlfield tag="003">RISM</controlfield>
         <controlfield tag="005">20160216</controlfield>
         <controlfield tag="008">160216n||az|||||||##########||||||||||||</controlfield>
         <datafield tag="040" ind1=" " ind2=" ">
            <subfield code="a">I-I</subfield>
         </datafield>
         <datafield tag="043" ind1=" " ind2=" ">
            <subfield code="c">XA-IT</subfield>
         </datafield>
         <datafield tag="110" ind1="2" ind2=" ">
            <subfield code="a">Biblioteca comunale</subfield>
            <subfield code="c">Imola</subfield>
            <subfield code="g">I-I</subfield>
         </datafield>
         <datafield tag="622" ind1=" " ind2=" ">
            <subfield code="e">Biblioteca comunale, Via Emilia, 80, 40026 Imola (BO), Italy</subfield>
            <subfield code="u">http://bim.comune.imola.bo.it/</subfield>
         </datafield>
      </record>