
      <record>
         <leader>00000nz  a2200169   4500</leader>
         <controlfield tag="001">30005201</controlfield>
         <controlfield tag="003">RISM</controlfield>
         <controlfield tag="005">20160216</controlfield>
         <controlfield tag="008">160216n||az|||||||##########||||||||||||</controlfield>
         <datafield tag="040" ind1=" " ind2=" ">
            <subfield code="a">I-IEpaccapelo</subfield>
         </datafield>
         <datafield tag="043" ind1=" " ind2=" ">
            <subfield code="c">XA-IT</subfield>
         </datafield>
         <datafield tag="110" ind1="2" ind2=" ">
            <subfield code="a">Archivio privato Sorelle Paccapelo</subfield>
            <subfield code="c">Jesi</subfield>
            <subfield code="g">I-IEpaccapelo</subfield>
         </datafield>
         <datafield tag="622" ind1=" " ind2=" ">
            <subfield code="e">Archivio privato Sorelle Paccapelo, I-60035 Jesi (AN). Regione Marche</subfield>
         </datafield>
      </record>