
      <record>
         <leader>00000nz  a2200169   4500</leader>
         <controlfield tag="001">30005200</controlfield>
         <controlfield tag="003">RISM</controlfield>
         <controlfield tag="005">20160216</controlfield>
         <controlfield tag="008">160216n||az|||||||##########||||||||||||</controlfield>
         <datafield tag="040" ind1=" " ind2=" ">
            <subfield code="a">I-INTsv</subfield>
         </datafield>
         <datafield tag="043" ind1=" " ind2=" ">
            <subfield code="c">XA-IT</subfield>
         </datafield>
         <datafield tag="110" ind1="2" ind2=" ">
            <subfield code="a">Chiesa Collegiata di S. Vittore, Archivio</subfield>
            <subfield code="c">Intra</subfield>
            <subfield code="g">I-INTsv</subfield>
         </datafield>
         <datafield tag="622" ind1=" " ind2=" ">
            <subfield code="e">Chiesa Collegiata di S. Vittore,, Archivio, Piazza S. Vittore, I-28044 Intra (NO)., Regione Piemonte</subfield>
         </datafield>
      </record>