
      <record>
         <leader>00000nz  a2200169   4500</leader>
         <controlfield tag="001">30004777</controlfield>
         <controlfield tag="003">RISM</controlfield>
         <controlfield tag="005">20160216</controlfield>
         <controlfield tag="008">160216n||az|||||||##########||||||||||||</controlfield>
         <datafield tag="040" ind1=" " ind2=" ">
            <subfield code="a">I-IOc</subfield>
         </datafield>
         <datafield tag="043" ind1=" " ind2=" ">
            <subfield code="c">XA-IT</subfield>
         </datafield>
         <datafield tag="110" ind1="2" ind2=" ">
            <subfield code="a">Biblioteca Comunale Fra' Fulgenzio Rinaldi</subfield>
            <subfield code="c">Iseo</subfield>
            <subfield code="g">I-IOc</subfield>
         </datafield>
         <datafield tag="410" ind1="2" ind2=" ">
            <subfield code="a">Biblioteca Civica Padre Fulgenzio Rinaldi</subfield>
         </datafield>
         <datafield tag="622" ind1=" " ind2=" ">
            <subfield code="e">Biblioteca Comunale Fra' Fulgenzio, Rinaldi, Castello Oldofredi, I-25049 Iseo (BS)., Regione Lombardia</subfield>
         </datafield>
      </record>