
      <record>
         <leader>00000nz  a2200169   4500</leader>
         <controlfield tag="001">30001813</controlfield>
         <controlfield tag="003">RISM</controlfield>
         <controlfield tag="005">20160216</controlfield>
         <controlfield tag="008">160216n||az|||||||##########||||||||||||</controlfield>
         <datafield tag="040" ind1=" " ind2=" ">
            <subfield code="a">I-LA</subfield>
         </datafield>
         <datafield tag="043" ind1=" " ind2=" ">
            <subfield code="c">XA-IT</subfield>
         </datafield>
         <datafield tag="110" ind1="2" ind2=" ">
            <subfield code="a">Biblioteca Provinciale Salvatore Tommasi</subfield>
            <subfield code="c">L'Aquila</subfield>
            <subfield code="g">I-LA</subfield>
         </datafield>
         <datafield tag="622" ind1=" " ind2=" ">
            <subfield code="e">Biblioteca Provinciale Salvatore Tommasi, Portici del Liceo, Piazza del Palazzo, 30, 67100 L'Aquila (AQ), Italy</subfield>
         </datafield>
      </record>