
      <record>
         <leader>00000nz  a2200169   4500</leader>
         <controlfield tag="001">30069875</controlfield>
         <controlfield tag="003">RISM</controlfield>
         <controlfield tag="005">20160216</controlfield>
         <controlfield tag="008">160216n||az|||||||##########||||||||||||</controlfield>
         <datafield tag="040" ind1=" " ind2=" ">
            <subfield code="a">I-LAGhilfert</subfield>
         </datafield>
         <datafield tag="043" ind1=" " ind2=" ">
            <subfield code="c">XA-IT</subfield>
         </datafield>
         <datafield tag="110" ind1="2" ind2=" ">
            <subfield code="a">Biblioteca privata Dr. Christoph Hilfert</subfield>
            <subfield code="c">Lagundo</subfield>
            <subfield code="g">I-LAGhilfert</subfield>
         </datafield>
         <datafield tag="410" ind1="2" ind2=" ">
            <subfield code="a">Privatsammlung Dr. Christoph Hilfert</subfield>
         </datafield>
         <datafield tag="622" ind1=" " ind2=" ">
            <subfield code="e">Biblioteca privata Dr. Christoph Hilfert, Via Balthasar Leiter, 1, 39022 Lagundo (BZ), Italy</subfield>
         </datafield>
      </record>