
      <record>
         <leader>00000nz  a2200169   4500</leader>
         <controlfield tag="001">30005204</controlfield>
         <controlfield tag="003">RISM</controlfield>
         <controlfield tag="005">20160216</controlfield>
         <controlfield tag="008">160216n||az|||||||##########||||||||||||</controlfield>
         <datafield tag="040" ind1=" " ind2=" ">
            <subfield code="a">I-LAm</subfield>
         </datafield>
         <datafield tag="043" ind1=" " ind2=" ">
            <subfield code="c">XA-IT</subfield>
         </datafield>
         <datafield tag="110" ind1="2" ind2=" ">
            <subfield code="a">Curia Vescovile, Museo d'Arte Sacra</subfield>
            <subfield code="c">L'Aquila</subfield>
            <subfield code="g">I-LAm</subfield>
         </datafield>
         <datafield tag="410" ind1="2" ind2=" ">
            <subfield code="a">Museo d'arte sacra della Curia Metropolitana</subfield>
         </datafield>
         <datafield tag="622" ind1=" " ind2=" ">
            <subfield code="e">Curia Vescovile, Museo d'Arte Sacra, Piazza Duomo, I-67100 L'Aquila. Regione, Abruzzo</subfield>
         </datafield>
      </record>