
      <record>
         <leader>00000nz  a2200169   4500</leader>
         <controlfield tag="001">30005559</controlfield>
         <controlfield tag="003">RISM</controlfield>
         <controlfield tag="005">20160216</controlfield>
         <controlfield tag="008">160216n||az|||||||##########||||||||||||</controlfield>
         <datafield tag="040" ind1=" " ind2=" ">
            <subfield code="a">I-LANas</subfield>
         </datafield>
         <datafield tag="043" ind1=" " ind2=" ">
            <subfield code="c">XA-IT</subfield>
         </datafield>
         <datafield tag="110" ind1="2" ind2=" ">
            <subfield code="a">Archivio di Stato di Chieti, Sezione di Lanciano</subfield>
            <subfield code="c">Lanciano</subfield>
            <subfield code="g">I-LANas</subfield>
         </datafield>
         <datafield tag="410" ind1="2" ind2=" ">
            <subfield code="a">Archivio di Stato</subfield>
         </datafield>
         <datafield tag="622" ind1=" " ind2=" ">
            <subfield code="e">Archivio di Stato di Chieti, Sezione di, Lanciano, Viale Cappuccini, I-66034 Lanciano., Regione Abruzzo</subfield>
         </datafield>
      </record>