
      <record>
         <leader>00000nz  a2200169   4500</leader>
         <controlfield tag="001">30000289</controlfield>
         <controlfield tag="003">RISM</controlfield>
         <controlfield tag="005">20160216</controlfield>
         <controlfield tag="008">160216n||az|||||||##########||||||||||||</controlfield>
         <datafield tag="040" ind1=" " ind2=" ">
            <subfield code="a">I-LANc</subfield>
         </datafield>
         <datafield tag="043" ind1=" " ind2=" ">
            <subfield code="c">XA-IT</subfield>
         </datafield>
         <datafield tag="110" ind1="2" ind2=" ">
            <subfield code="a">Biblioteca diocesana</subfield>
            <subfield code="c">Lanciano</subfield>
            <subfield code="g">I-LANc</subfield>
         </datafield>
         <datafield tag="410" ind1="2" ind2=" ">
            <subfield code="a">con Archivio della Cattedrale</subfield>
         </datafield>
         <datafield tag="622" ind1=" " ind2=" ">
            <subfield code="e">Biblioteca diocesana, Via G. Finamore, 32, 66034 Lanciano (CH), Italy</subfield>
            <subfield code="u">http://goo.gl/fhQHQ7</subfield>
         </datafield>
      </record>