
      <record>
         <leader>00000nz  a2200169   4500</leader>
         <controlfield tag="001">30005203</controlfield>
         <controlfield tag="003">RISM</controlfield>
         <controlfield tag="005">20160216</controlfield>
         <controlfield tag="008">160216n||az|||||||##########||||||||||||</controlfield>
         <datafield tag="040" ind1=" " ind2=" ">
            <subfield code="a">I-LAs</subfield>
         </datafield>
         <datafield tag="043" ind1=" " ind2=" ">
            <subfield code="c">XA-IT</subfield>
         </datafield>
         <datafield tag="110" ind1="2" ind2=" ">
            <subfield code="a">Soprintendenza ai Beni AA. SS., Biblioteca</subfield>
            <subfield code="c">L'Aquila</subfield>
            <subfield code="g">I-LAs</subfield>
         </datafield>
         <datafield tag="622" ind1=" " ind2=" ">
            <subfield code="e">Soprintendenza ai Beni AA. SS.,, Biblioteca, Via B. Croce Castello 500 (Via Forte, Spagnolo), I-67100 L'Aquila. Regione, Abruzzo</subfield>
         </datafield>
      </record>