
      <record>
         <leader>00000nz  a2200169   4500</leader>
         <controlfield tag="001">30004794</controlfield>
         <controlfield tag="003">RISM</controlfield>
         <controlfield tag="005">20160216</controlfield>
         <controlfield tag="008">160216n||az|||||||##########||||||||||||</controlfield>
         <datafield tag="040" ind1=" " ind2=" ">
            <subfield code="a">I-LATsl</subfield>
         </datafield>
         <datafield tag="043" ind1=" " ind2=" ">
            <subfield code="c">XA-IT</subfield>
         </datafield>
         <datafield tag="110" ind1="2" ind2=" ">
            <subfield code="a">Chiesa di S. Lorenzo Martire, Archivio</subfield>
            <subfield code="c">Laterza</subfield>
            <subfield code="g">I-LATsl</subfield>
         </datafield>
         <datafield tag="622" ind1=" " ind2=" ">
            <subfield code="e">Chiesa di S. Lorenzo Martire, Archivio, Via S. Lorenzo, I-74014 Laterza (TA)., Regione Puglia</subfield>
         </datafield>
      </record>