
      <record>
         <leader>00000nz  a2200169   4500</leader>
         <controlfield tag="001">30005877</controlfield>
         <controlfield tag="003">RISM</controlfield>
         <controlfield tag="005">20160216</controlfield>
         <controlfield tag="008">160216n||az|||||||##########||||||||||||</controlfield>
         <datafield tag="040" ind1=" " ind2=" ">
            <subfield code="a">I-LAU</subfield>
         </datafield>
         <datafield tag="043" ind1=" " ind2=" ">
            <subfield code="c">XA-IT</subfield>
         </datafield>
         <datafield tag="110" ind1="2" ind2=" ">
            <subfield code="a">Biblioteca Diocesana di Ogliastra</subfield>
            <subfield code="c">Lanusei</subfield>
            <subfield code="g">I-LAU</subfield>
         </datafield>
         <datafield tag="622" ind1=" " ind2=" ">
            <subfield code="e">Biblioteca Diocesana di Ogliastra, Via Roma 106, I-08045 Lanusei. Regione, Sardegna</subfield>
         </datafield>
      </record>