
      <record>
         <leader>00000nz  a2200169   4500</leader>
         <controlfield tag="001">30005801</controlfield>
         <controlfield tag="003">RISM</controlfield>
         <controlfield tag="005">20160216</controlfield>
         <controlfield tag="008">160216n||az|||||||##########||||||||||||</controlfield>
         <datafield tag="040" ind1=" " ind2=" ">
            <subfield code="a">I-LDEsormani</subfield>
         </datafield>
         <datafield tag="043" ind1=" " ind2=" ">
            <subfield code="c">XA-IT</subfield>
         </datafield>
         <datafield tag="110" ind1="2" ind2=" ">
            <subfield code="a">Biblioteca privata Sormani Verri di Lurago</subfield>
            <subfield code="c">Lurago d'Erba</subfield>
            <subfield code="g">I-LDEsormani</subfield>
         </datafield>
      </record>