
      <record>
         <leader>00000nz  a2200169   4500</leader>
         <controlfield tag="001">30004181</controlfield>
         <controlfield tag="003">RISM</controlfield>
         <controlfield tag="005">20160216</controlfield>
         <controlfield tag="008">160216n||az|||||||##########||||||||||||</controlfield>
         <datafield tag="040" ind1=" " ind2=" ">
            <subfield code="a">I-LE</subfield>
         </datafield>
         <datafield tag="043" ind1=" " ind2=" ">
            <subfield code="c">XA-IT</subfield>
         </datafield>
         <datafield tag="110" ind1="2" ind2=" ">
            <subfield code="a">Biblioteca Provinciale Nicola Bernardini</subfield>
            <subfield code="c">Lecce</subfield>
            <subfield code="g">I-LE</subfield>
         </datafield>
         <datafield tag="622" ind1=" " ind2=" ">
            <subfield code="e">Biblioteca Provinciale Nicola Bernardini, Viale Gallipoli 28, I-73100 Lecce., Regione Puglia</subfield>
         </datafield>
      </record>