
      <record>
         <leader>00000nz  a2200169   4500</leader>
         <controlfield tag="001">30005209</controlfield>
         <controlfield tag="003">RISM</controlfield>
         <controlfield tag="005">20160216</controlfield>
         <controlfield tag="008">160216n||az|||||||##########||||||||||||</controlfield>
         <datafield tag="040" ind1=" " ind2=" ">
            <subfield code="a">I-LECc</subfield>
         </datafield>
         <datafield tag="043" ind1=" " ind2=" ">
            <subfield code="c">XA-IT</subfield>
         </datafield>
         <datafield tag="110" ind1="2" ind2=" ">
            <subfield code="a">Biblioteca Comunale Uberto Pozzoli</subfield>
            <subfield code="c">Lecco</subfield>
            <subfield code="g">I-LECc</subfield>
         </datafield>
         <datafield tag="410" ind1="2" ind2=" ">
            <subfield code="a">Biblioteca Civica U. Pozzoli</subfield>
         </datafield>
         <datafield tag="622" ind1=" " ind2=" ">
            <subfield code="e">Biblioteca Comunale Uberto Pozzoli, Via Bovara 58, I-22053 Lecco (CO)., Regione Lombardia</subfield>
         </datafield>
      </record>