
      <record>
         <leader>00000nz  a2200169   4500</leader>
         <controlfield tag="001">30004781</controlfield>
         <controlfield tag="003">RISM</controlfield>
         <controlfield tag="005">20160216</controlfield>
         <controlfield tag="008">160216n||az|||||||##########||||||||||||</controlfield>
         <datafield tag="040" ind1=" " ind2=" ">
            <subfield code="a">I-LEcon</subfield>
         </datafield>
         <datafield tag="043" ind1=" " ind2=" ">
            <subfield code="c">XA-IT</subfield>
         </datafield>
         <datafield tag="110" ind1="2" ind2=" ">
            <subfield code="a">Conservatorio di Musica Tito Schipa, Biblioteca</subfield>
            <subfield code="c">Lecce</subfield>
            <subfield code="g">I-LEcon</subfield>
         </datafield>
         <datafield tag="622" ind1=" " ind2=" ">
            <subfield code="e">Conservatorio di Musica Tito Schipa,, Biblioteca, Via Ciardo 2, I-73100 Lecce. Regione, Puglia</subfield>
         </datafield>
      </record>