
      <record>
         <leader>00000nz  a2200169   4500</leader>
         <controlfield tag="001">30004787</controlfield>
         <controlfield tag="003">RISM</controlfield>
         <controlfield tag="005">20160216</controlfield>
         <controlfield tag="008">160216n||az|||||||##########||||||||||||</controlfield>
         <datafield tag="040" ind1=" " ind2=" ">
            <subfield code="a">I-LEFpezzoli</subfield>
         </datafield>
         <datafield tag="043" ind1=" " ind2=" ">
            <subfield code="c">XA-IT</subfield>
         </datafield>
         <datafield tag="110" ind1="2" ind2=" ">
            <subfield code="a">Biblioteca privata Gianni Pezzoli</subfield>
            <subfield code="c">Leffe</subfield>
            <subfield code="g">I-LEFpezzoli</subfield>
         </datafield>
         <datafield tag="622" ind1=" " ind2=" ">
            <subfield code="e">Biblioteca privata Gianni Pezzoli, I-24026 Leffe (BG). Regione Lombardia</subfield>
         </datafield>
      </record>