
      <record>
         <leader>00000nz  a2200169   4500</leader>
         <controlfield tag="001">30004783</controlfield>
         <controlfield tag="003">RISM</controlfield>
         <controlfield tag="005">20160216</controlfield>
         <controlfield tag="008">160216n||az|||||||##########||||||||||||</controlfield>
         <datafield tag="040" ind1=" " ind2=" ">
            <subfield code="a">I-LEs</subfield>
         </datafield>
         <datafield tag="043" ind1=" " ind2=" ">
            <subfield code="c">XA-IT</subfield>
         </datafield>
         <datafield tag="110" ind1="2" ind2=" ">
            <subfield code="a">Biblioteca Innocenziana (del Seminario Vescovile)</subfield>
            <subfield code="c">Lecce</subfield>
            <subfield code="g">I-LEs</subfield>
         </datafield>
         <datafield tag="410" ind1="2" ind2=" ">
            <subfield code="a">Seminario Vescovile (Innocenziana), Biblioteca</subfield>
         </datafield>
         <datafield tag="622" ind1=" " ind2=" ">
            <subfield code="e">Biblioteca Innocenziana (del Seminario, Vescovile), Piazza Duomo, I-73100 Lecce. Regione, Puglia</subfield>
         </datafield>
      </record>