
      <record>
         <leader>00000nz  a2200169   4500</leader>
         <controlfield tag="001">30004789</controlfield>
         <controlfield tag="003">RISM</controlfield>
         <controlfield tag="005">20160216</controlfield>
         <controlfield tag="008">160216n||az|||||||##########||||||||||||</controlfield>
         <datafield tag="040" ind1=" " ind2=" ">
            <subfield code="a">I-LEVsa</subfield>
         </datafield>
         <datafield tag="043" ind1=" " ind2=" ">
            <subfield code="c">XA-IT</subfield>
         </datafield>
         <datafield tag="110" ind1="2" ind2=" ">
            <subfield code="a">Santissima Annunziata, Archivio Ecclesiastico</subfield>
            <subfield code="c">Leverano</subfield>
            <subfield code="g">I-LEVsa</subfield>
         </datafield>
         <datafield tag="622" ind1=" " ind2=" ">
            <subfield code="e">Santissima Annunziata, Archivio, Ecclesiastico, Via V. Perrone, I-73045 Leverano (LE)., Regione Puglia</subfield>
         </datafield>
      </record>