
      <record>
         <leader>00000nz  a2200169   4500</leader>
         <controlfield tag="001">30079180</controlfield>
         <controlfield tag="003">RISM</controlfield>
         <controlfield tag="005">20160216</controlfield>
         <controlfield tag="008">160216n||az|||||||##########||||||||||||</controlfield>
         <datafield tag="040" ind1=" " ind2=" ">
            <subfield code="a">I-LG</subfield>
         </datafield>
         <datafield tag="043" ind1=" " ind2=" ">
            <subfield code="c">IT</subfield>
         </datafield>
         <datafield tag="110" ind1="2" ind2=" ">
            <subfield code="a">Biblioteca della Fondazione Ugo Da Como</subfield>
            <subfield code="c">Lonato del Garda</subfield>
            <subfield code="g">I-LG</subfield>
         </datafield>
         <datafield tag="622" ind1=" " ind2=" ">
            <subfield code="e">Fondazione Ugo Da Como, Biblioteca, via Rocca, 2, 25017 Lonato del Garda, Italy</subfield>
            <subfield code="u">http://www.fondazioneugodacomo.it/</subfield>
         </datafield>
      </record>