
      <record>
         <leader>00000nz  a2200169   4500</leader>
         <controlfield tag="001">30001814</controlfield>
         <controlfield tag="003">RISM</controlfield>
         <controlfield tag="005">20160216</controlfield>
         <controlfield tag="008">160216n||az|||||||##########||||||||||||</controlfield>
         <datafield tag="040" ind1=" " ind2=" ">
            <subfield code="a">I-LI</subfield>
         </datafield>
         <datafield tag="043" ind1=" " ind2=" ">
            <subfield code="c">XA-IT</subfield>
         </datafield>
         <datafield tag="110" ind1="2" ind2=" ">
            <subfield code="a">Biblioteca comunale Labronica Francesco Domenico Guerrazzi</subfield>
            <subfield code="c">Livorno</subfield>
            <subfield code="g">I-LI</subfield>
         </datafield>
         <datafield tag="622" ind1=" " ind2=" ">
            <subfield code="e">Biblioteca comunale Labronica Francesco,  Domenico Guerrazzi, Villa Fabbricotti, Viale della Libertà, 30, 57127 Livorno (LI), Italy</subfield>
            <subfield code="u">http://www.comune.livorno.it/_livo/it/default/115/Biblioteca-Labronica-F-D-Guerrazzi.html</subfield>
         </datafield>
      </record>