
      <record>
         <leader>00000nz  a2200169   4500</leader>
         <controlfield tag="001">30001811</controlfield>
         <controlfield tag="003">RISM</controlfield>
         <controlfield tag="005">20160216</controlfield>
         <controlfield tag="008">160216n||az|||||||##########||||||||||||</controlfield>
         <datafield tag="040" ind1=" " ind2=" ">
            <subfield code="a">I-Li</subfield>
         </datafield>
         <datafield tag="043" ind1=" " ind2=" ">
            <subfield code="c">XA-IT</subfield>
         </datafield>
         <datafield tag="110" ind1="2" ind2=" ">
            <subfield code="a">Biblioteca dell'Istituto musicale Luigi Boccherini</subfield>
            <subfield code="c">Lucca</subfield>
            <subfield code="g">I-Li</subfield>
         </datafield>
         <datafield tag="622" ind1=" " ind2=" ">
            <subfield code="e">Biblioteca dell'Istituto musicale Luigi,  Boccherini, Piazza del Suffragio, 6, 55100 Lucca (LU), Italy</subfield>
         </datafield>
      </record>