
      <record>
         <leader>00000nz  a2200169   4500</leader>
         <controlfield tag="001">30004790</controlfield>
         <controlfield tag="003">RISM</controlfield>
         <controlfield tag="005">20160216</controlfield>
         <controlfield tag="008">160216n||az|||||||##########||||||||||||</controlfield>
         <datafield tag="040" ind1=" " ind2=" ">
            <subfield code="a">I-LIMcc</subfield>
         </datafield>
         <datafield tag="043" ind1=" " ind2=" ">
            <subfield code="c">XA-IT</subfield>
         </datafield>
         <datafield tag="110" ind1="2" ind2=" ">
            <subfield code="a">Casa di Carità, Biblioteca, Fondo Macri</subfield>
            <subfield code="c">Limbadi</subfield>
            <subfield code="g">I-LIMcc</subfield>
         </datafield>
         <datafield tag="622" ind1=" " ind2=" ">
            <subfield code="e">Casa di Carità, Biblioteca, Fondo Macri, Via Cafaro 1, I-88030 Limbadi (CZ)., Regione Calabria</subfield>
         </datafield>
      </record>