
      <record>
         <leader>00000nz  a2200169   4500</leader>
         <controlfield tag="001">30005562</controlfield>
         <controlfield tag="003">RISM</controlfield>
         <controlfield tag="005">20160216</controlfield>
         <controlfield tag="008">160216n||az|||||||##########||||||||||||</controlfield>
         <datafield tag="040" ind1=" " ind2=" ">
            <subfield code="a">I-Lmp</subfield>
         </datafield>
         <datafield tag="043" ind1=" " ind2=" ">
            <subfield code="c">XA-IT</subfield>
         </datafield>
         <datafield tag="110" ind1="2" ind2=" ">
            <subfield code="a">Museo di Casa Puccini</subfield>
            <subfield code="c">Lucca</subfield>
            <subfield code="g">I-Lmp</subfield>
         </datafield>
         <datafield tag="622" ind1=" " ind2=" ">
            <subfield code="e">Museo di Casa Puccini, Via di Poggio corte S. Lorenzo 9, I, -55048 Lucca. Regione Toscana</subfield>
         </datafield>
      </record>