
      <record>
         <leader>00000nz  a2200169   4500</leader>
         <controlfield tag="001">30080340</controlfield>
         <controlfield tag="003">RISM</controlfield>
         <controlfield tag="005">20160216</controlfield>
         <controlfield tag="008">160216n||az|||||||##########||||||||||||</controlfield>
         <datafield tag="040" ind1=" " ind2=" ">
            <subfield code="a">I-LNc</subfield>
         </datafield>
         <datafield tag="043" ind1=" " ind2=" ">
            <subfield code="c">XA-IT</subfield>
         </datafield>
         <datafield tag="110" ind1="2" ind2=" ">
            <subfield code="a">Biblioteca comunale Francesco Dionisi</subfield>
            <subfield code="c">Lanuvio</subfield>
            <subfield code="g">I-LNc</subfield>
         </datafield>
         <datafield tag="622" ind1=" " ind2=" ">
            <subfield code="e">Biblioteca comunale Francesco Dionisi, Villa Sforza Cesarini, Via Sforza Cesarini, 37, 00040 Lanuvio (RM), Italy</subfield>
            <subfield code="u">http://www.comune.lanuvio.rm.it/pagina/biblioteca</subfield>
         </datafield>
      </record>