
      <record>
         <leader>00000nz  a2200169   4500</leader>
         <controlfield tag="001">30001816</controlfield>
         <controlfield tag="003">RISM</controlfield>
         <controlfield tag="005">20160216</controlfield>
         <controlfield tag="008">160216n||az|||||||##########||||||||||||</controlfield>
         <datafield tag="040" ind1=" " ind2=" ">
            <subfield code="a">I-LOcl</subfield>
         </datafield>
         <datafield tag="043" ind1=" " ind2=" ">
            <subfield code="c">XA-IT</subfield>
         </datafield>
         <datafield tag="110" ind1="2" ind2=" ">
            <subfield code="a">Biblioteca comunale Laudense</subfield>
            <subfield code="c">Lodi</subfield>
            <subfield code="g">I-LOcl</subfield>
         </datafield>
         <datafield tag="622" ind1=" " ind2=" ">
            <subfield code="e">Biblioteca comunale Laudense, Via Solferino, 72, 26900 Lodi (LO), Italy</subfield>
            <subfield code="u">http://www.bibliotechelodi.it/3paginasede.php?idsede=1</subfield>
         </datafield>
      </record>