
      <record>
         <leader>00000nz  a2200169   4500</leader>
         <controlfield tag="001">30004796</controlfield>
         <controlfield tag="003">RISM</controlfield>
         <controlfield tag="005">20160216</controlfield>
         <controlfield tag="008">160216n||az|||||||##########||||||||||||</controlfield>
         <datafield tag="040" ind1=" " ind2=" ">
            <subfield code="a">I-LONcl</subfield>
         </datafield>
         <datafield tag="043" ind1=" " ind2=" ">
            <subfield code="c">XA-IT</subfield>
         </datafield>
         <datafield tag="110" ind1="2" ind2=" ">
            <subfield code="a">Biblioteca Calabria Letteraria</subfield>
            <subfield code="c">Longobardi</subfield>
            <subfield code="g">I-LONcl</subfield>
         </datafield>
         <datafield tag="410" ind1="2" ind2=" ">
            <subfield code="a">Biblioteca Privata Calabria Letterata</subfield>
         </datafield>
         <datafield tag="622" ind1=" " ind2=" ">
            <subfield code="e">Biblioteca Calabria Letteraria, Piazza Nicola Preste 4, I-87030, Longobardi (CS). Regione Calabria</subfield>
         </datafield>
      </record>