
      <record>
         <leader>00000nz  a2200169   4500</leader>
         <controlfield tag="001">30070314</controlfield>
         <controlfield tag="003">RISM</controlfield>
         <controlfield tag="005">20160216</controlfield>
         <controlfield tag="008">160216n||az|||||||##########||||||||||||</controlfield>
         <datafield tag="040" ind1=" " ind2=" ">
            <subfield code="a">I-LOR</subfield>
         </datafield>
         <datafield tag="043" ind1=" " ind2=" ">
            <subfield code="c">XA-IT</subfield>
         </datafield>
         <datafield tag="110" ind1="2" ind2=" ">
            <subfield code="a">Biblioteca dell'Associazione Culturale il Dolcimelo &lt;Loreto Aprutino&gt;</subfield>
            <subfield code="c">Loreto Aprutino</subfield>
            <subfield code="g">I-LOR</subfield>
         </datafield>
      </record>