
      <record>
         <leader>00000nz  a2200169   4500</leader>
         <controlfield tag="001">30005213</controlfield>
         <controlfield tag="003">RISM</controlfield>
         <controlfield tag="005">20160216</controlfield>
         <controlfield tag="008">160216n||az|||||||##########||||||||||||</controlfield>
         <datafield tag="040" ind1=" " ind2=" ">
            <subfield code="a">I-LOVat</subfield>
         </datafield>
         <datafield tag="043" ind1=" " ind2=" ">
            <subfield code="c">XA-IT</subfield>
         </datafield>
         <datafield tag="110" ind1="2" ind2=" ">
            <subfield code="a">Accademia Tadini di Belle Arti, Biblioteca</subfield>
            <subfield code="c">Lovere</subfield>
            <subfield code="g">I-LOVat</subfield>
         </datafield>
         <datafield tag="410" ind1="2" ind2=" ">
            <subfield code="a">Accademia Tadini, Biblioteca</subfield>
         </datafield>
         <datafield tag="622" ind1=" " ind2=" ">
            <subfield code="e">Accademia Tadini di Belle Arti,, Biblioteca, Piazza Garibaldi, I-24065 Lovere (BG)., Regione Lombardia</subfield>
         </datafield>
      </record>