
      <record>
         <leader>00000nz  a2200169   4500</leader>
         <controlfield tag="001">30001812</controlfield>
         <controlfield tag="003">RISM</controlfield>
         <controlfield tag="005">20160216</controlfield>
         <controlfield tag="008">160216n||az|||||||##########||||||||||||</controlfield>
         <datafield tag="040" ind1=" " ind2=" ">
            <subfield code="a">I-Ls</subfield>
         </datafield>
         <datafield tag="043" ind1=" " ind2=" ">
            <subfield code="c">XA-IT</subfield>
         </datafield>
         <datafield tag="110" ind1="2" ind2=" ">
            <subfield code="a">Biblioteca diocesana Mons. Giuliano Agresti</subfield>
            <subfield code="c">Lucca</subfield>
            <subfield code="g">I-Ls</subfield>
         </datafield>
         <datafield tag="410" ind1="2" ind2=" ">
            <subfield code="a">Biblioteca del Seminario arcivescovile</subfield>
         </datafield>
         <datafield tag="622" ind1=" " ind2=" ">
            <subfield code="e">Biblioteca diocesana Mons. Giuliano,  Agresti, Monte San Quirico, Via del Seminario I, 790, 55100 Lucca (LU), Italy</subfield>
            <subfield code="u">http://www.bibliosem.it/</subfield>
         </datafield>
      </record>