
      <record>
         <leader>00000nz  a2200169   4500</leader>
         <controlfield tag="001">30001817</controlfield>
         <controlfield tag="003">RISM</controlfield>
         <controlfield tag="005">20160216</controlfield>
         <controlfield tag="008">160216n||az|||||||##########||||||||||||</controlfield>
         <datafield tag="040" ind1=" " ind2=" ">
            <subfield code="a">I-LT</subfield>
         </datafield>
         <datafield tag="043" ind1=" " ind2=" ">
            <subfield code="c">XA-IT</subfield>
         </datafield>
         <datafield tag="110" ind1="2" ind2=" ">
            <subfield code="a">Biblioteca della Santa Casa</subfield>
            <subfield code="c">Loreto</subfield>
            <subfield code="g">I-LT</subfield>
         </datafield>
         <datafield tag="410" ind1="2" ind2=" ">
            <subfield code="a">Biblioteca e Archivio storico della Santa Casa</subfield>
         </datafield>
         <datafield tag="622" ind1=" " ind2=" ">
            <subfield code="e">Biblioteca della Santa Casa, Piazza del Santuario, 60025 Loreto (AN), Italy</subfield>
            <subfield code="u">http://www.santuarioloreto.it/index.asp</subfield>
         </datafield>
      </record>