
      <record>
         <leader>00000nz  a2200169   4500</leader>
         <controlfield tag="001">30077409</controlfield>
         <controlfield tag="003">RISM</controlfield>
         <controlfield tag="005">20160216</controlfield>
         <controlfield tag="008">160216n||az|||||||##########||||||||||||</controlfield>
         <datafield tag="040" ind1=" " ind2=" ">
            <subfield code="a">I-LTNbc</subfield>
         </datafield>
         <datafield tag="043" ind1=" " ind2=" ">
            <subfield code="c">IT</subfield>
         </datafield>
         <datafield tag="110" ind1="2" ind2=" ">
            <subfield code="a">Biblioteca Comunale Aldo Manuzio</subfield>
            <subfield code="c">Latina</subfield>
            <subfield code="g">I-LTNbc</subfield>
         </datafield>
         <datafield tag="622" ind1=" " ind2=" ">
            <subfield code="e">Biblioteca Comunale Aldo Manuzio, Piazza del Popolo n.1, 04100 Latina, Italy</subfield>
            <subfield code="u">http://www.comune.latina.it/cultura.php?action=c&amp;id=218</subfield>
         </datafield>
      </record>