
      <record>
         <leader>00000nz  a2200169   4500</leader>
         <controlfield tag="001">30004797</controlfield>
         <controlfield tag="003">RISM</controlfield>
         <controlfield tag="005">20160216</controlfield>
         <controlfield tag="008">160216n||az|||||||##########||||||||||||</controlfield>
         <datafield tag="040" ind1=" " ind2=" ">
            <subfield code="a">I-LUCs</subfield>
         </datafield>
         <datafield tag="043" ind1=" " ind2=" ">
            <subfield code="c">XA-IT</subfield>
         </datafield>
         <datafield tag="110" ind1="2" ind2=" ">
            <subfield code="a">Seminario Diocesano, Biblioteca</subfield>
            <subfield code="c">Lucera</subfield>
            <subfield code="g">I-LUCs</subfield>
         </datafield>
         <datafield tag="622" ind1=" " ind2=" ">
            <subfield code="e">Seminario Diocesano, Biblioteca, Piazza Duomo, I-71036 Lucera (FG)., Regione Puglia</subfield>
         </datafield>
      </record>