
      <record>
         <leader>00000nz  a2200169   4500</leader>
         <controlfield tag="001">30003934</controlfield>
         <controlfield tag="003">RISM</controlfield>
         <controlfield tag="005">20160216</controlfield>
         <controlfield tag="008">160216n||az|||||||##########||||||||||||</controlfield>
         <datafield tag="040" ind1=" " ind2=" ">
            <subfield code="a">I-LUi</subfield>
         </datafield>
         <datafield tag="043" ind1=" " ind2=" ">
            <subfield code="c">XA-IT</subfield>
         </datafield>
         <datafield tag="110" ind1="2" ind2=" ">
            <subfield code="a">Biblioteca dell'Istituto musicale pareggiato Giuseppe e Luigi Malerbi</subfield>
            <subfield code="c">Lugo</subfield>
            <subfield code="g">I-LUi</subfield>
         </datafield>
         <datafield tag="622" ind1=" " ind2=" ">
            <subfield code="e">Biblioteca dell'Istituto musicale,  pareggiato Giuseppe e Luigi Malerbi, Via Emaldi, 51, 48022 Lugo (RA), Italy</subfield>
            <subfield code="u">http://www.scuolamalerbi.it/</subfield>
         </datafield>
      </record>