
      <record>
         <leader>00000nz  a2200169   4500</leader>
         <controlfield tag="001">30001818</controlfield>
         <controlfield tag="003">RISM</controlfield>
         <controlfield tag="005">20160216</controlfield>
         <controlfield tag="008">160216n||az|||||||##########||||||||||||</controlfield>
         <datafield tag="040" ind1=" " ind2=" ">
            <subfield code="a">I-Ma</subfield>
         </datafield>
         <datafield tag="043" ind1=" " ind2=" ">
            <subfield code="c">XA-IT</subfield>
         </datafield>
         <datafield tag="110" ind1="2" ind2=" ">
            <subfield code="a">Biblioteca Ambrosiana</subfield>
            <subfield code="c">Milano</subfield>
            <subfield code="g">I-Ma</subfield>
         </datafield>
         <datafield tag="622" ind1=" " ind2=" ">
            <subfield code="e">Biblioteca Ambrosiana, Piazza Pio XI, 2, 20123 Milano (MI), Italy</subfield>
            <subfield code="u">http://www.ambrosiana.eu/jsp/index.jsp</subfield>
         </datafield>
      </record>