
      <record>
         <leader>00000nz  a2200169   4500</leader>
         <controlfield tag="001">30003473</controlfield>
         <controlfield tag="003">RISM</controlfield>
         <controlfield tag="005">20160216</controlfield>
         <controlfield tag="008">160216n||az|||||||##########||||||||||||</controlfield>
         <datafield tag="040" ind1=" " ind2=" ">
            <subfield code="a">I-MAa</subfield>
         </datafield>
         <datafield tag="043" ind1=" " ind2=" ">
            <subfield code="c">XA-IT</subfield>
         </datafield>
         <datafield tag="110" ind1="2" ind2=" ">
            <subfield code="a">Archivio di Stato</subfield>
            <subfield code="c">Mantova</subfield>
            <subfield code="g">I-MAa</subfield>
         </datafield>
         <datafield tag="622" ind1=" " ind2=" ">
            <subfield code="e">Archivio di Stato, Via Roberto Ardigò, 11, 46100 Mantova (MN), Italy</subfield>
            <subfield code="u">http://www.asmantova.beniculturali.it/</subfield>
         </datafield>
      </record>