
      <record>
         <leader>00000nz  a2200169   4500</leader>
         <controlfield tag="001">30000143</controlfield>
         <controlfield tag="003">RISM</controlfield>
         <controlfield tag="005">20160216</controlfield>
         <controlfield tag="008">160216n||az|||||||##########||||||||||||</controlfield>
         <datafield tag="040" ind1=" " ind2=" ">
            <subfield code="a">I-MAav</subfield>
         </datafield>
         <datafield tag="043" ind1=" " ind2=" ">
            <subfield code="c">XA-IT</subfield>
         </datafield>
         <datafield tag="110" ind1="2" ind2=" ">
            <subfield code="a">Biblioteca dell'Accademia nazionale virgiliana di scienze lettere e arti</subfield>
            <subfield code="c">Mantova</subfield>
            <subfield code="g">I-MAav</subfield>
         </datafield>
         <datafield tag="622" ind1=" " ind2=" ">
            <subfield code="e">Biblioteca dell'Accademia nazionale,  virgiliana di scienze lettere e arti, Via Accademia, 47, 46100 Mantova (MN), Italy</subfield>
            <subfield code="u">http://goo.gl/Pj4DhM</subfield>
         </datafield>
      </record>