
      <record>
         <leader>00000nz  a2200169   4500</leader>
         <controlfield tag="001">30001833</controlfield>
         <controlfield tag="003">RISM</controlfield>
         <controlfield tag="005">20160216</controlfield>
         <controlfield tag="008">160216n||az|||||||##########||||||||||||</controlfield>
         <datafield tag="040" ind1=" " ind2=" ">
            <subfield code="a">I-MAC</subfield>
         </datafield>
         <datafield tag="043" ind1=" " ind2=" ">
            <subfield code="c">XA-IT</subfield>
         </datafield>
         <datafield tag="110" ind1="2" ind2=" ">
            <subfield code="a">Biblioteca comunale Mozzi-Borgetti</subfield>
            <subfield code="c">Macerata</subfield>
            <subfield code="g">I-MAC</subfield>
         </datafield>
         <datafield tag="622" ind1=" " ind2=" ">
            <subfield code="e">Biblioteca comunale Mozzi-Borgetti, Piazza Vittorio Veneto, 2, 62100 Macerata (MC), Italy</subfield>
            <subfield code="u">http://goo.gl/az6hig</subfield>
         </datafield>
      </record>