
      <record>
         <leader>00000nz  a2200169   4500</leader>
         <controlfield tag="001">30001831</controlfield>
         <controlfield tag="003">RISM</controlfield>
         <controlfield tag="005">20160216</controlfield>
         <controlfield tag="008">160216n||az|||||||##########||||||||||||</controlfield>
         <datafield tag="040" ind1=" " ind2=" ">
            <subfield code="a">I-MAc</subfield>
         </datafield>
         <datafield tag="043" ind1=" " ind2=" ">
            <subfield code="c">XA-IT</subfield>
         </datafield>
         <datafield tag="110" ind1="2" ind2=" ">
            <subfield code="a">Biblioteca comunale Teresiana</subfield>
            <subfield code="c">Mantova</subfield>
            <subfield code="g">I-MAc</subfield>
         </datafield>
         <datafield tag="410" ind1="2" ind2=" ">
            <subfield code="a">Biblioteca comunale Roberto Ardigò</subfield>
         </datafield>
         <datafield tag="622" ind1=" " ind2=" ">
            <subfield code="e">Biblioteca comunale Teresiana, Via Roberto Ardigò, 13, 46100 Mantova (MN), Italy</subfield>
            <subfield code="u">http://www.bibliotecateresiana.it/</subfield>
         </datafield>
      </record>