
      <record>
         <leader>00000nz  a2200169   4500</leader>
         <controlfield tag="001">30005563</controlfield>
         <controlfield tag="003">RISM</controlfield>
         <controlfield tag="005">20160216</controlfield>
         <controlfield tag="008">160216n||az|||||||##########||||||||||||</controlfield>
         <datafield tag="040" ind1=" " ind2=" ">
            <subfield code="a">I-MACcd</subfield>
         </datafield>
         <datafield tag="043" ind1=" " ind2=" ">
            <subfield code="c">XA-IT</subfield>
         </datafield>
         <datafield tag="110" ind1="2" ind2=" ">
            <subfield code="a">Monastero del Corpus Domini, Biblioteca</subfield>
            <subfield code="c">Macerata</subfield>
            <subfield code="g">I-MACcd</subfield>
         </datafield>
         <datafield tag="622" ind1=" " ind2=" ">
            <subfield code="e">Monastero del Corpus Domini, Biblioteca, Via Amaroli 13, I-62100 Macerata., Regione Marche</subfield>
         </datafield>
      </record>