
      <record>
         <leader>00000nz  a2200169   4500</leader>
         <controlfield tag="001">30005218</controlfield>
         <controlfield tag="003">RISM</controlfield>
         <controlfield tag="005">20160216</controlfield>
         <controlfield tag="008">160216n||az|||||||##########||||||||||||</controlfield>
         <datafield tag="040" ind1=" " ind2=" ">
            <subfield code="a">I-MACu</subfield>
         </datafield>
         <datafield tag="043" ind1=" " ind2=" ">
            <subfield code="c">XA-IT</subfield>
         </datafield>
         <datafield tag="110" ind1="2" ind2=" ">
            <subfield code="a">Università degli Studi di Macerata, Facoltà di Lettere e Filosofia, Storia della Musica, Biblioteca</subfield>
            <subfield code="c">Macerata</subfield>
            <subfield code="g">I-MACu</subfield>
         </datafield>
         <datafield tag="410" ind1="2" ind2=" ">
            <subfield code="a">^e Letterature Moderne</subfield>
         </datafield>
         <datafield tag="410" ind1="2" ind2=" ">
            <subfield code="a">Biblioteca dell'Università degli Studi, Facoltà di Lettere e Filosofia, Dipartimento di Lingue</subfield>
         </datafield>
         <datafield tag="622" ind1=" " ind2=" ">
            <subfield code="e">Università degli Studi di Macerata,, Facoltà di Lettere e Filosofia, Storia, della Musica, Biblioteca, Via Don Minzoni 2, I-62100 Macerata., Regione Marche</subfield>
         </datafield>
      </record>