
      <record>
         <leader>00000nz  a2200169   4500</leader>
         <controlfield tag="001">30005222</controlfield>
         <controlfield tag="003">RISM</controlfield>
         <controlfield tag="005">20160216</controlfield>
         <controlfield tag="008">160216n||az|||||||##########||||||||||||</controlfield>
         <datafield tag="040" ind1=" " ind2=" ">
            <subfield code="a">I-MAFc</subfield>
         </datafield>
         <datafield tag="043" ind1=" " ind2=" ">
            <subfield code="c">XA-IT</subfield>
         </datafield>
         <datafield tag="110" ind1="2" ind2=" ">
            <subfield code="a">Biblioteche Civiche Unificate</subfield>
            <subfield code="c">Manfredonia</subfield>
            <subfield code="g">I-MAFc</subfield>
         </datafield>
         <datafield tag="410" ind1="2" ind2=" ">
            <subfield code="a">Biblioteca Civica</subfield>
         </datafield>
         <datafield tag="622" ind1=" " ind2=" ">
            <subfield code="e">Biblioteche Civiche Unificate, Via Ten. Rosa, I-71043 Manfredonia, (FG). Regione Puglia</subfield>
         </datafield>
      </record>