
      <record>
         <leader>00000nz  a2200169   4500</leader>
         <controlfield tag="001">30003475</controlfield>
         <controlfield tag="003">RISM</controlfield>
         <controlfield tag="005">20160216</controlfield>
         <controlfield tag="008">160216n||az|||||||##########||||||||||||</controlfield>
         <datafield tag="040" ind1=" " ind2=" ">
            <subfield code="a">I-MAi</subfield>
         </datafield>
         <datafield tag="043" ind1=" " ind2=" ">
            <subfield code="c">XA-IT</subfield>
         </datafield>
         <datafield tag="110" ind1="2" ind2=" ">
            <subfield code="a">Biblioteca del Conservatorio di musica Lucio Campiani</subfield>
            <subfield code="c">Mantova</subfield>
            <subfield code="g">I-MAi</subfield>
         </datafield>
         <datafield tag="622" ind1=" " ind2=" ">
            <subfield code="e">Biblioteca del Conservatorio di musica,  Lucio Campiani, Via della Conciliazione, 33, 46100 Mantova (MN), Italy</subfield>
            <subfield code="u">http://www.conservatoriomantova.com/it/il-conservatorio/biblioteca</subfield>
         </datafield>
      </record>