
      <record>
         <leader>00000nz  a2200169   4500</leader>
         <controlfield tag="001">30003469</controlfield>
         <controlfield tag="003">RISM</controlfield>
         <controlfield tag="005">20160216</controlfield>
         <controlfield tag="008">160216n||az|||||||##########||||||||||||</controlfield>
         <datafield tag="040" ind1=" " ind2=" ">
            <subfield code="a">I-Malfieri</subfield>
         </datafield>
         <datafield tag="043" ind1=" " ind2=" ">
            <subfield code="c">XA-IT</subfield>
         </datafield>
         <datafield tag="110" ind1="2" ind2=" ">
            <subfield code="a">Biblioteca privata Famiglia Treccani degli Alfieri</subfield>
            <subfield code="c">Milano</subfield>
            <subfield code="g">I-Malfieri</subfield>
         </datafield>
         <datafield tag="410" ind1="2" ind2=" ">
            <subfield code="a">Trecani degli Alfieri, private collection</subfield>
         </datafield>
         <datafield tag="410" ind1="2" ind2=" ">
            <subfield code="a">Biblioteca privata Trecani degli Alfieri</subfield>
         </datafield>
         <datafield tag="622" ind1=" " ind2=" ">
            <subfield code="e">Biblioteca privata Famiglia Treccani, degli Alfieri, I-Milano. Regione Lombardia</subfield>
         </datafield>
      </record>