
      <record>
         <leader>00000nz  a2200169   4500</leader>
         <controlfield tag="001">30005618</controlfield>
         <controlfield tag="003">RISM</controlfield>
         <controlfield tag="005">20160216</controlfield>
         <controlfield tag="008">160216n||az|||||||##########||||||||||||</controlfield>
         <datafield tag="040" ind1=" " ind2=" ">
            <subfield code="a">I-MAVb</subfield>
         </datafield>
         <datafield tag="043" ind1=" " ind2=" ">
            <subfield code="c">XA-IT</subfield>
         </datafield>
         <datafield tag="110" ind1="2" ind2=" ">
            <subfield code="a">Biblioteca dell'Abbazia Benedettine di Monte Maria</subfield>
            <subfield code="c">Malles Venosta</subfield>
            <subfield code="g">I-MAVb</subfield>
         </datafield>
         <datafield tag="410" ind1="2" ind2=" ">
            <subfield code="a">Bibliothek der Benediktinerabtei Marienberg&#xD;</subfield>
         </datafield>
         <datafield tag="622" ind1=" " ind2=" ">
            <subfield code="e">Biblioteca dell'Abbazia Benedettine di,  Monte Maria, Sliniga, 1, 39024 Malles Venosta (BZ), Italy</subfield>
            <subfield code="u">http://www.marienberg.it/</subfield>
         </datafield>
      </record>