
      <record>
         <leader>00000nz  a2200169   4500</leader>
         <controlfield tag="001">30001834</controlfield>
         <controlfield tag="003">RISM</controlfield>
         <controlfield tag="005">20160216</controlfield>
         <controlfield tag="008">160216n||az|||||||##########||||||||||||</controlfield>
         <datafield tag="040" ind1=" " ind2=" ">
            <subfield code="a">I-MC</subfield>
         </datafield>
         <datafield tag="043" ind1=" " ind2=" ">
            <subfield code="c">XA-IT</subfield>
         </datafield>
         <datafield tag="110" ind1="2" ind2=" ">
            <subfield code="a">Biblioteca dell'Abbazia di Montecassino</subfield>
            <subfield code="c">Montecassino</subfield>
            <subfield code="g">I-MC</subfield>
         </datafield>
         <datafield tag="410" ind1="2" ind2=" ">
            <subfield code="a">Biblioteca statale del Monumento nazionale di Montecassino</subfield>
         </datafield>
         <datafield tag="622" ind1=" " ind2=" ">
            <subfield code="e">Biblioteca dell'Abbazia di Montecassino, Via Montecassino, 03043 Cassino (FR), Italy</subfield>
            <subfield code="u">http://www.abbaziamontecassino.org/abbey/index.php</subfield>
         </datafield>
      </record>