
      <record>
         <leader>00000nz  a2200169   4500</leader>
         <controlfield tag="001">30000238</controlfield>
         <controlfield tag="003">RISM</controlfield>
         <controlfield tag="005">20160216</controlfield>
         <controlfield tag="008">160216n||az|||||||##########||||||||||||</controlfield>
         <datafield tag="040" ind1=" " ind2=" ">
            <subfield code="a">I-Mc</subfield>
         </datafield>
         <datafield tag="043" ind1=" " ind2=" ">
            <subfield code="c">XA-IT</subfield>
         </datafield>
         <datafield tag="110" ind1="2" ind2=" ">
            <subfield code="a">Biblioteca del Conservatorio Statale di Musica Giuseppe Verdi</subfield>
            <subfield code="c">Milano</subfield>
            <subfield code="g">I-Mc</subfield>
         </datafield>
         <datafield tag="622" ind1=" " ind2=" ">
            <subfield code="e">Biblioteca del Conservatorio Statale di,  Musica Giuseppe Verdi, Via Conservatorio, 12, 20122 Milano (MI), Italy</subfield>
            <subfield code="u">http://www.consmilano.it/it/biblioteca</subfield>
         </datafield>
      </record>