
      <record>
         <leader>00000nz  a2200169   4500</leader>
         <controlfield tag="001">30001822</controlfield>
         <controlfield tag="003">RISM</controlfield>
         <controlfield tag="005">20160216</controlfield>
         <controlfield tag="008">160216n||az|||||||##########||||||||||||</controlfield>
         <datafield tag="040" ind1=" " ind2=" ">
            <subfield code="a">I-Mca</subfield>
         </datafield>
         <datafield tag="043" ind1=" " ind2=" ">
            <subfield code="c">XA-IT</subfield>
         </datafield>
         <datafield tag="110" ind1="2" ind2=" ">
            <subfield code="a">Archivio storico diocesano</subfield>
            <subfield code="c">Milano</subfield>
            <subfield code="g">I-Mca</subfield>
         </datafield>
         <datafield tag="410" ind1="2" ind2=" ">
            <subfield code="a">Biblioteca della Curia arcivescovile di Milano</subfield>
         </datafield>
         <datafield tag="622" ind1=" " ind2=" ">
            <subfield code="e">Archivio storico diocesano, Via S. Calimero, 15, 20122 Milano (MI), Italy</subfield>
            <subfield code="u">http://www.chiesadimilano.it/cms/2.662/struttura-persone/2.1293/archivio-storico-diocesano</subfield>
         </datafield>
      </record>