
      <record>
         <leader>00000nz  a2200169   4500</leader>
         <controlfield tag="001">30004802</controlfield>
         <controlfield tag="003">RISM</controlfield>
         <controlfield tag="005">20160216</controlfield>
         <controlfield tag="008">160216n||az|||||||##########||||||||||||</controlfield>
         <datafield tag="040" ind1=" " ind2=" ">
            <subfield code="a">I-Mcbd</subfield>
         </datafield>
         <datafield tag="043" ind1=" " ind2=" ">
            <subfield code="c">XA-IT</subfield>
         </datafield>
         <datafield tag="110" ind1="2" ind2=" ">
            <subfield code="a">Centro Bibliografico e di Documentazione della Regione Lombardia</subfield>
            <subfield code="c">Milano</subfield>
            <subfield code="g">I-Mcbd</subfield>
         </datafield>
         <datafield tag="622" ind1=" " ind2=" ">
            <subfield code="e">Centro Bibliografico e di, Documentazione della Regione Lombardia, Via S. Spirito 10, I-20121 Milano, (oder: piazza IV Novembre 5, I-20124, Milano ?). Regione Lombardia</subfield>
         </datafield>
      </record>