
      <record>
         <leader>00000nz  a2200169   4500</leader>
         <controlfield tag="001">30004830</controlfield>
         <controlfield tag="003">RISM</controlfield>
         <controlfield tag="005">20160216</controlfield>
         <controlfield tag="008">160216n||az|||||||##########||||||||||||</controlfield>
         <datafield tag="040" ind1=" " ind2=" ">
            <subfield code="a">I-MCLdellara</subfield>
         </datafield>
         <datafield tag="043" ind1=" " ind2=" ">
            <subfield code="c">XA-IT</subfield>
         </datafield>
         <datafield tag="110" ind1="2" ind2=" ">
            <subfield code="a">Biblioteca privata Dell'Ara</subfield>
            <subfield code="c">Moncalieri</subfield>
            <subfield code="g">I-MCLdellara</subfield>
         </datafield>
         <datafield tag="622" ind1=" " ind2=" ">
            <subfield code="e">Biblioteca privata Dell'Ara, I-Moncalieri (TO)</subfield>
         </datafield>
      </record>