
      <record>
         <leader>00000nz  a2200169   4500</leader>
         <controlfield tag="001">30078119</controlfield>
         <controlfield tag="003">RISM</controlfield>
         <controlfield tag="005">20160216</controlfield>
         <controlfield tag="008">160216n||az|||||||##########||||||||||||</controlfield>
         <datafield tag="040" ind1=" " ind2=" ">
            <subfield code="a">I-MCVan</subfield>
         </datafield>
         <datafield tag="043" ind1=" " ind2=" ">
            <subfield code="c">IT</subfield>
         </datafield>
         <datafield tag="110" ind1="2" ind2=" ">
            <subfield code="a">Archivio notarile</subfield>
            <subfield code="c">Monte Castello di Vibio</subfield>
            <subfield code="g">I-MCVan</subfield>
         </datafield>
         <datafield tag="622" ind1=" " ind2=" ">
            <subfield code="e">Archivio notarile, Comune di Monte Castello di Vibio, via Biancherini, 4, 06057 Monte Castello di Vibio, Italy</subfield>
         </datafield>
      </record>