
      <record>
         <leader>00000nz  a2200169   4500</leader>
         <controlfield tag="001">30004803</controlfield>
         <controlfield tag="003">RISM</controlfield>
         <controlfield tag="005">20160216</controlfield>
         <controlfield tag="008">160216n||az|||||||##########||||||||||||</controlfield>
         <datafield tag="040" ind1=" " ind2=" ">
            <subfield code="a">I-Md</subfield>
         </datafield>
         <datafield tag="043" ind1=" " ind2=" ">
            <subfield code="c">XA-IT</subfield>
         </datafield>
         <datafield tag="110" ind1="2" ind2=" ">
            <subfield code="a">Biblioteca e Archivio del Capitolo metropolitano</subfield>
            <subfield code="c">Milano</subfield>
            <subfield code="g">I-Md</subfield>
         </datafield>
         <datafield tag="410" ind1="2" ind2=" ">
            <subfield code="a">Archivio musicale della Cappella del Duomo</subfield>
         </datafield>
         <datafield tag="622" ind1=" " ind2=" ">
            <subfield code="e">Biblioteca e Archivio del Capitolo,  metropolitano, Piazza Duomo, 16, 20122 Milano (MI), Italy</subfield>
            <subfield code="u">http://www.novantiqua.it/milano/</subfield>
         </datafield>
      </record>