
      <record>
         <leader>00000nz  a2200169   4500</leader>
         <controlfield tag="001">30003095</controlfield>
         <controlfield tag="003">RISM</controlfield>
         <controlfield tag="005">20160216</controlfield>
         <controlfield tag="008">160216n||az|||||||##########||||||||||||</controlfield>
         <datafield tag="040" ind1=" " ind2=" ">
            <subfield code="a">I-MDAegidi</subfield>
         </datafield>
         <datafield tag="043" ind1=" " ind2=" ">
            <subfield code="c">XA-IT</subfield>
         </datafield>
         <datafield tag="110" ind1="2" ind2=" ">
            <subfield code="a">Biblioteca privata Francesco Egidi &lt;Montefiore dell'Aso&gt;</subfield>
            <subfield code="c">Montefiore dell'Aso</subfield>
            <subfield code="g">I-MDAegidi</subfield>
         </datafield>
         <datafield tag="410" ind1="2" ind2=" ">
            <subfield code="a">Biblioteca Prof. Francesco Egidi</subfield>
         </datafield>
         <datafield tag="622" ind1=" " ind2=" ">
            <subfield code="e">Biblioteca privata Francesco Egidi, I-Montefiore dell'Aso (MC). Regione, Marche</subfield>
         </datafield>
      </record>