
      <record>
         <leader>00000nz  a2200169   4500</leader>
         <controlfield tag="001">30001835</controlfield>
         <controlfield tag="003">RISM</controlfield>
         <controlfield tag="005">20160216</controlfield>
         <controlfield tag="008">160216n||az|||||||##########||||||||||||</controlfield>
         <datafield tag="040" ind1=" " ind2=" ">
            <subfield code="a">I-ME</subfield>
         </datafield>
         <datafield tag="043" ind1=" " ind2=" ">
            <subfield code="c">XA-IT</subfield>
         </datafield>
         <datafield tag="110" ind1="2" ind2=" ">
            <subfield code="a">Biblioteca Regionale Universitaria Giacomo Longo</subfield>
            <subfield code="c">Messina</subfield>
            <subfield code="g">I-ME</subfield>
         </datafield>
         <datafield tag="622" ind1=" " ind2=" ">
            <subfield code="e">Biblioteca Regionale Universitaria,  Giacomo Longo, Via I Settembre, 117, 98122 Messina (ME), Italy</subfield>
            <subfield code="u">http://www.regione.sicilia.it/beniculturali/brum/index.html</subfield>
         </datafield>
      </record>