
      <record>
         <leader>00000nz  a2200169   4500</leader>
         <controlfield tag="001">30004833</controlfield>
         <controlfield tag="003">RISM</controlfield>
         <controlfield tag="005">20160216</controlfield>
         <controlfield tag="008">160216n||az|||||||##########||||||||||||</controlfield>
         <datafield tag="040" ind1=" " ind2=" ">
            <subfield code="a">I-MEac</subfield>
         </datafield>
         <datafield tag="043" ind1=" " ind2=" ">
            <subfield code="c">XA-IT</subfield>
         </datafield>
         <datafield tag="110" ind1="2" ind2=" ">
            <subfield code="a">Archivio Storico Comunale, Biblioteca</subfield>
            <subfield code="c">Messina</subfield>
            <subfield code="g">I-MEac</subfield>
         </datafield>
         <datafield tag="622" ind1=" " ind2=" ">
            <subfield code="e">Archivio Storico Comunale, Biblioteca, Via Catania 103 / Is. 26/a (oder:, Palazzo Zanca ?), I-98124 Messina., Regione Sicilia</subfield>
         </datafield>
      </record>