
      <record>
         <leader>00000nz  a2200169   4500</leader>
         <controlfield tag="001">30005232</controlfield>
         <controlfield tag="003">RISM</controlfield>
         <controlfield tag="005">20160216</controlfield>
         <controlfield tag="008">160216n||az|||||||##########||||||||||||</controlfield>
         <datafield tag="040" ind1=" " ind2=" ">
            <subfield code="a">I-MEE</subfield>
         </datafield>
         <datafield tag="043" ind1=" " ind2=" ">
            <subfield code="c">XA-IT</subfield>
         </datafield>
         <datafield tag="110" ind1="2" ind2=" ">
            <subfield code="a">Centro Bibliotecario Musicale</subfield>
            <subfield code="c">Mestre</subfield>
            <subfield code="g">I-MEE</subfield>
         </datafield>
         <datafield tag="622" ind1=" " ind2=" ">
            <subfield code="e">Centro Bibliotecario Musicale, Viale S. Marco 152, I-30170 Mestre, (VE). Regione Veneto</subfield>
         </datafield>
      </record>