
      <record>
         <leader>00000nz  a2200169   4500</leader>
         <controlfield tag="001">30070325</controlfield>
         <controlfield tag="003">RISM</controlfield>
         <controlfield tag="005">20160216</controlfield>
         <controlfield tag="008">160216n||az|||||||##########||||||||||||</controlfield>
         <datafield tag="040" ind1=" " ind2=" ">
            <subfield code="a">I-MEEa</subfield>
         </datafield>
         <datafield tag="043" ind1=" " ind2=" ">
            <subfield code="c">XA-IT</subfield>
         </datafield>
         <datafield tag="110" ind1="2" ind2=" ">
            <subfield code="a">Biblioteca Emeroteca Musicale e Fonoteca dell'ASAC &lt;Mestre&gt;</subfield>
            <subfield code="c">Mestre</subfield>
            <subfield code="g">I-MEEa</subfield>
         </datafield>
      </record>