
      <record>
         <leader>00000nz  a2200169   4500</leader>
         <controlfield tag="001">30005879</controlfield>
         <controlfield tag="003">RISM</controlfield>
         <controlfield tag="005">20160216</controlfield>
         <controlfield tag="008">160216n||az|||||||##########||||||||||||</controlfield>
         <datafield tag="040" ind1=" " ind2=" ">
            <subfield code="a">I-MEit</subfield>
         </datafield>
         <datafield tag="043" ind1=" " ind2=" ">
            <subfield code="c">XA-IT</subfield>
         </datafield>
         <datafield tag="110" ind1="2" ind2=" ">
            <subfield code="a">Istituto Teologico S. Tommaso, Biblioteca</subfield>
            <subfield code="c">Messina</subfield>
            <subfield code="g">I-MEit</subfield>
         </datafield>
         <datafield tag="622" ind1=" " ind2=" ">
            <subfield code="e">Istituto Teologico S. Tommaso,, Biblioteca, Via del Pozzo 43, I-98100 Messina., Regione Sicilia</subfield>
         </datafield>
      </record>