
      <record>
         <leader>00000nz  a2200169   4500</leader>
         <controlfield tag="001">30003478</controlfield>
         <controlfield tag="003">RISM</controlfield>
         <controlfield tag="005">20160216</controlfield>
         <controlfield tag="008">160216n||az|||||||##########||||||||||||</controlfield>
         <datafield tag="040" ind1=" " ind2=" ">
            <subfield code="a">I-MEnicotra</subfield>
         </datafield>
         <datafield tag="043" ind1=" " ind2=" ">
            <subfield code="c">XA-IT</subfield>
         </datafield>
         <datafield tag="110" ind1="2" ind2=" ">
            <subfield code="a">Biblioteca privata Arturo Nicotra</subfield>
            <subfield code="c">Messina</subfield>
            <subfield code="g">I-MEnicotra</subfield>
         </datafield>
         <datafield tag="410" ind1="2" ind2=" ">
            <subfield code="a">Arturo Nicotra, private collection</subfield>
         </datafield>
         <datafield tag="622" ind1=" " ind2=" ">
            <subfield code="e">Biblioteca privata Arturo Nicotra, I-98100 Messina. Regione Sicilia</subfield>
         </datafield>
      </record>