
      <record>
         <leader>00000nz  a2200169   4500</leader>
         <controlfield tag="001">30004832</controlfield>
         <controlfield tag="003">RISM</controlfield>
         <controlfield tag="005">20160216</controlfield>
         <controlfield tag="008">160216n||az|||||||##########||||||||||||</controlfield>
         <datafield tag="040" ind1=" " ind2=" ">
            <subfield code="a">I-MERc</subfield>
         </datafield>
         <datafield tag="043" ind1=" " ind2=" ">
            <subfield code="c">XA-IT</subfield>
         </datafield>
         <datafield tag="110" ind1="2" ind2=" ">
            <subfield code="a">Biblioteca Civica Alessandro Manzoni</subfield>
            <subfield code="c">Merate</subfield>
            <subfield code="g">I-MERc</subfield>
         </datafield>
         <datafield tag="622" ind1=" " ind2=" ">
            <subfield code="e">Biblioteca Civica Alessandro Manzoni, Piazza Riva Spoleti, I-22055 Merate, (CO). Regione Lombardia</subfield>
         </datafield>
      </record>