
      <record>
         <leader>00000nz  a2200169   4500</leader>
         <controlfield tag="001">30003479</controlfield>
         <controlfield tag="003">RISM</controlfield>
         <controlfield tag="005">20160216</controlfield>
         <controlfield tag="008">160216n||az|||||||##########||||||||||||</controlfield>
         <datafield tag="040" ind1=" " ind2=" ">
            <subfield code="a">I-MEs</subfield>
         </datafield>
         <datafield tag="043" ind1=" " ind2=" ">
            <subfield code="c">XA-IT</subfield>
         </datafield>
         <datafield tag="110" ind1="2" ind2=" ">
            <subfield code="a">Biblioteca Painiana (del Seminario Arcivescovile San Pio X)</subfield>
            <subfield code="c">Messina</subfield>
            <subfield code="g">I-MEs</subfield>
         </datafield>
         <datafield tag="410" ind1="2" ind2=" ">
            <subfield code="a">Biblioteca Paininiana del Seminario Arcivescovile</subfield>
         </datafield>
         <datafield tag="622" ind1=" " ind2=" ">
            <subfield code="e">Biblioteca Painiana (del Seminario, Arcivescovile San Pio X), Via Mons. Angelo Paino - Rione Giostra,, I-98122 Messina. Regione Sicilia</subfield>
         </datafield>
      </record>