
      <record>
         <leader>00000nz  a2200169   4500</leader>
         <controlfield tag="001">30070324</controlfield>
         <controlfield tag="003">RISM</controlfield>
         <controlfield tag="005">20160216</controlfield>
         <controlfield tag="008">160216n||az|||||||##########||||||||||||</controlfield>
         <datafield tag="040" ind1=" " ind2=" ">
            <subfield code="a">I-MEt</subfield>
         </datafield>
         <datafield tag="043" ind1=" " ind2=" ">
            <subfield code="c">XA-IT</subfield>
         </datafield>
         <datafield tag="110" ind1="2" ind2=" ">
            <subfield code="a">Biblioteca del Teatro Vittorio Emanuele &lt;Messina&gt;</subfield>
            <subfield code="c">Messina</subfield>
            <subfield code="g">I-MEt</subfield>
         </datafield>
      </record>