
      <record>
         <leader>00000nz  a2200169   4500</leader>
         <controlfield tag="001">30003081</controlfield>
         <controlfield tag="003">RISM</controlfield>
         <controlfield tag="005">20160216</controlfield>
         <controlfield tag="008">160216n||az|||||||##########||||||||||||</controlfield>
         <datafield tag="040" ind1=" " ind2=" ">
            <subfield code="a">I-Mfd</subfield>
         </datafield>
         <datafield tag="043" ind1=" " ind2=" ">
            <subfield code="c">XA-IT</subfield>
         </datafield>
         <datafield tag="110" ind1="2" ind2=" ">
            <subfield code="a">Veneranda Fabbrica del Duomo, Biblioteca</subfield>
            <subfield code="c">Milano</subfield>
            <subfield code="g">I-Mfd</subfield>
         </datafield>
         <datafield tag="410" ind1="2" ind2=" ">
            <subfield code="a">Archivio generale della Veneranda Fabbrica del Duomo</subfield>
         </datafield>
         <datafield tag="410" ind1="2" ind2=" ">
            <subfield code="a">Museo del Duomo</subfield>
         </datafield>
         <datafield tag="410" ind1="2" ind2=" ">
            <subfield code="a">Archivio della Cappella Musicale del Duomo</subfield>
         </datafield>
         <datafield tag="410" ind1="2" ind2=" ">
            <subfield code="a">Archivio del Duomo</subfield>
         </datafield>
         <datafield tag="410" ind1="2" ind2=" ">
            <subfield code="a">Archivio della Fabbrica del Duomo</subfield>
         </datafield>
         <datafield tag="410" ind1="2" ind2=" ">
            <subfield code="a">Cappella musicale del Duomo (im Archivio Veneranda Fabbrica)</subfield>
         </datafield>
         <datafield tag="410" ind1="2" ind2=" ">
            <subfield code="a">Veneranda Fabbrica del Duomo, Archivio</subfield>
         </datafield>
         <datafield tag="410" ind1="2" ind2=" ">
            <subfield code="a">Archivio e Biblioteca della Veneranda Fabbrica del Duomo</subfield>
         </datafield>
         <datafield tag="622" ind1=" " ind2=" ">
            <subfield code="e">Veneranda Fabbrica del Duomo, Biblioteca, Palazzo Reale, Piazza del Duomo 1 (Via, Arcivescovado 1 ?), I-20122 Milano., Regione Lombardia</subfield>
         </datafield>
      </record>