
      <record>
         <leader>00000nz  a2200169   4500</leader>
         <controlfield tag="001">30005262</controlfield>
         <controlfield tag="003">RISM</controlfield>
         <controlfield tag="005">20160216</controlfield>
         <controlfield tag="008">160216n||az|||||||##########||||||||||||</controlfield>
         <datafield tag="040" ind1=" " ind2=" ">
            <subfield code="a">I-MFIs</subfield>
         </datafield>
         <datafield tag="043" ind1=" " ind2=" ">
            <subfield code="c">XA-IT</subfield>
         </datafield>
         <datafield tag="110" ind1="2" ind2=" ">
            <subfield code="a">Biblioteca del Seminario vescovile Marco Antonio Barbarigo</subfield>
            <subfield code="c">Montefiascone</subfield>
            <subfield code="g">I-MFIs</subfield>
         </datafield>
         <datafield tag="622" ind1=" " ind2=" ">
            <subfield code="e">Biblioteca del Seminario vescovile, Marco Antonio Barbarigo, Via Trento, 57a, 01027 Montefiascone (VT), Italy</subfield>
         </datafield>
      </record>