
      <record>
         <leader>00000nz  a2200169   4500</leader>
         <controlfield tag="001">30003481</controlfield>
         <controlfield tag="003">RISM</controlfield>
         <controlfield tag="005">20160216</controlfield>
         <controlfield tag="008">160216n||az|||||||##########||||||||||||</controlfield>
         <datafield tag="040" ind1=" " ind2=" ">
            <subfield code="a">I-MFsr</subfield>
         </datafield>
         <datafield tag="043" ind1=" " ind2=" ">
            <subfield code="c">XA-IT</subfield>
         </datafield>
         <datafield tag="110" ind1="2" ind2=" ">
            <subfield code="a">Pontificio Seminario Regionale Pio XI (Apulo), Biblioteca</subfield>
            <subfield code="c">Molfetta</subfield>
            <subfield code="g">I-MFsr</subfield>
         </datafield>
         <datafield tag="410" ind1="2" ind2=" ">
            <subfield code="a">Seminario Appulo</subfield>
         </datafield>
         <datafield tag="622" ind1=" " ind2=" ">
            <subfield code="e">Pontificio Seminario Regionale Pio XI, (Apulo), Biblioteca, Viale Pio XI, I-70056 Molfetta (BA)., Regione Puglia</subfield>
         </datafield>
      </record>