
      <record>
         <leader>00000nz  a2200169   4500</leader>
         <controlfield tag="001">30005220</controlfield>
         <controlfield tag="003">RISM</controlfield>
         <controlfield tag="005">20160216</controlfield>
         <controlfield tag="008">160216n||az|||||||##########||||||||||||</controlfield>
         <datafield tag="040" ind1=" " ind2=" ">
            <subfield code="a">I-MGIcf</subfield>
         </datafield>
         <datafield tag="043" ind1=" " ind2=" ">
            <subfield code="c">XA-IT</subfield>
         </datafield>
         <datafield tag="110" ind1="2" ind2=" ">
            <subfield code="a">Certosa di Farneta, Biblioteca</subfield>
            <subfield code="c">Maggiano</subfield>
            <subfield code="g">I-MGIcf</subfield>
         </datafield>
         <datafield tag="622" ind1=" " ind2=" ">
            <subfield code="e">Certosa di Farneta, Biblioteca, Certosa di Farneta, I-55050 Maggiano, (LU). Regione Toscana</subfield>
         </datafield>
      </record>