
      <record>
         <leader>00000nz  a2200169   4500</leader>
         <controlfield tag="001">30004808</controlfield>
         <controlfield tag="003">RISM</controlfield>
         <controlfield tag="005">20160216</controlfield>
         <controlfield tag="008">160216n||az|||||||##########||||||||||||</controlfield>
         <datafield tag="040" ind1=" " ind2=" ">
            <subfield code="a">I-Mism</subfield>
         </datafield>
         <datafield tag="043" ind1=" " ind2=" ">
            <subfield code="c">XA-IT</subfield>
         </datafield>
         <datafield tag="110" ind1="2" ind2=" ">
            <subfield code="a">Università degli Studi di Milano, Istituto di Storia della Musica, Biblioteca</subfield>
            <subfield code="c">Milano</subfield>
            <subfield code="g">I-Mism</subfield>
         </datafield>
         <datafield tag="410" ind1="2" ind2=" ">
            <subfield code="a">Biblioteca dell'Università degli Studi di Milano, Facoltà di Lettere Cattedra di Storia della</subfield>
         </datafield>
         <datafield tag="410" ind1="2" ind2=" ">
            <subfield code="a">^Musica</subfield>
         </datafield>
         <datafield tag="622" ind1=" " ind2=" ">
            <subfield code="e">Università degli Studi di Milano,, Istituto di Storia della Musica,, Biblioteca, Piazza S. Alessandro 1, via Festa del, Perdono 3/7, I-20100 Milano. Regione, Lombardia</subfield>
         </datafield>
      </record>