
      <record>
         <leader>00000nz  a2200169   4500</leader>
         <controlfield tag="001">30005248</controlfield>
         <controlfield tag="003">RISM</controlfield>
         <controlfield tag="005">20160216</controlfield>
         <controlfield tag="008">160216n||az|||||||##########||||||||||||</controlfield>
         <datafield tag="040" ind1=" " ind2=" ">
            <subfield code="a">I-MISsv</subfield>
         </datafield>
         <datafield tag="043" ind1=" " ind2=" ">
            <subfield code="c">XA-IT</subfield>
         </datafield>
         <datafield tag="110" ind1="2" ind2=" ">
            <subfield code="a">Parrocchia Prepositurale di S. Vittore, Archivio</subfield>
            <subfield code="c">Missaglia</subfield>
            <subfield code="g">I-MISsv</subfield>
         </datafield>
         <datafield tag="622" ind1=" " ind2=" ">
            <subfield code="e">Parrocchia Prepositurale di S. Vittore,, Archivio, Via della Conciliazione 16, I-22067, Missaglia (CO). Regione Lombardia</subfield>
         </datafield>
      </record>