
      <record>
         <leader>00000nz  a2200169   4500</leader>
         <controlfield tag="001">30004811</controlfield>
         <controlfield tag="003">RISM</controlfield>
         <controlfield tag="005">20160216</controlfield>
         <controlfield tag="008">160216n||az|||||||##########||||||||||||</controlfield>
         <datafield tag="040" ind1=" " ind2=" ">
            <subfield code="a">I-Mmr</subfield>
         </datafield>
         <datafield tag="043" ind1=" " ind2=" ">
            <subfield code="c">XA-IT</subfield>
         </datafield>
         <datafield tag="110" ind1="2" ind2=" ">
            <subfield code="a">Museo del Risorgimento, Biblioteca</subfield>
            <subfield code="c">Milano</subfield>
            <subfield code="g">I-Mmr</subfield>
         </datafield>
         <datafield tag="410" ind1="2" ind2=" ">
            <subfield code="a">Biblioteca del Museo del Risorgimento, Civiche Raccolte storiche</subfield>
         </datafield>
         <datafield tag="622" ind1=" " ind2=" ">
            <subfield code="e">Museo del Risorgimento, Biblioteca, Via Borgonuovo 23, I-20121 Milano., Regione Lombardia</subfield>
         </datafield>
      </record>