
      <record>
         <leader>00000nz  a2200169   4500</leader>
         <controlfield tag="001">30005241</controlfield>
         <controlfield tag="003">RISM</controlfield>
         <controlfield tag="005">20160216</controlfield>
         <controlfield tag="008">160216n||az|||||||##########||||||||||||</controlfield>
         <datafield tag="040" ind1=" " ind2=" ">
            <subfield code="a">I-Mms</subfield>
         </datafield>
         <datafield tag="043" ind1=" " ind2=" ">
            <subfield code="c">XA-IT</subfield>
         </datafield>
         <datafield tag="110" ind1="2" ind2=" ">
            <subfield code="a">Museo Nazionale della Scienza e della Tecnica L. da Vinci (Sez. di Acustica), Biblioteca</subfield>
            <subfield code="c">Milano</subfield>
            <subfield code="g">I-Mms</subfield>
         </datafield>
         <datafield tag="622" ind1=" " ind2=" ">
            <subfield code="e">Museo Nazionale della Scienza e della, Tecnica L. da Vinci (Sez. di Acustica),, Biblioteca, Via S. Vittore 21, I-20121 Milano., Regione Lombardia</subfield>
         </datafield>
      </record>