
      <record>
         <leader>00000nz  a2200169   4500</leader>
         <controlfield tag="001">30005249</controlfield>
         <controlfield tag="003">RISM</controlfield>
         <controlfield tag="005">20160216</controlfield>
         <controlfield tag="008">160216n||az|||||||##########||||||||||||</controlfield>
         <datafield tag="040" ind1=" " ind2=" ">
            <subfield code="a">I-MNDd</subfield>
         </datafield>
         <datafield tag="043" ind1=" " ind2=" ">
            <subfield code="c">XA-IT</subfield>
         </datafield>
         <datafield tag="110" ind1="2" ind2=" ">
            <subfield code="a">Cattedrale, Archivio Capitolare</subfield>
            <subfield code="c">Mondovì</subfield>
            <subfield code="g">I-MNDd</subfield>
         </datafield>
         <datafield tag="622" ind1=" " ind2=" ">
            <subfield code="e">Cattedrale, Archivio Capitolare, Piazza Duomo 7, I-12084 Mondovì (CN)., Regione Piemonte</subfield>
         </datafield>
      </record>