
      <record>
         <leader>00000nz  a2200169   4500</leader>
         <controlfield tag="001">30005813</controlfield>
         <controlfield tag="003">RISM</controlfield>
         <controlfield tag="005">20160216</controlfield>
         <controlfield tag="008">160216n||az|||||||##########||||||||||||</controlfield>
         <datafield tag="040" ind1=" " ind2=" ">
            <subfield code="a">I-MNFss</subfield>
         </datafield>
         <datafield tag="043" ind1=" " ind2=" ">
            <subfield code="c">XA-IT</subfield>
         </datafield>
         <datafield tag="110" ind1="2" ind2=" ">
            <subfield code="a">Chiesa di S. Silvestro, Archivio &lt;Montefano&gt;</subfield>
            <subfield code="c">Montefano</subfield>
            <subfield code="g">I-MNFss</subfield>
         </datafield>
      </record>