
      <record>
         <leader>00000nz  a2200169   4500</leader>
         <controlfield tag="001">30005263</controlfield>
         <controlfield tag="003">RISM</controlfield>
         <controlfield tag="005">20160216</controlfield>
         <controlfield tag="008">160216n||az|||||||##########||||||||||||</controlfield>
         <datafield tag="040" ind1=" " ind2=" ">
            <subfield code="a">I-MNMsp</subfield>
         </datafield>
         <datafield tag="043" ind1=" " ind2=" ">
            <subfield code="c">XA-IT</subfield>
         </datafield>
         <datafield tag="110" ind1="2" ind2=" ">
            <subfield code="a">Parrocchia di S. Pietro, Archivio Musicale</subfield>
            <subfield code="c">Montemarciano</subfield>
            <subfield code="g">I-MNMsp</subfield>
         </datafield>
         <datafield tag="622" ind1=" " ind2=" ">
            <subfield code="e">Parrocchia di S. Pietro, Archivio, Musicale, Via Umberto I, I-60018 Montemarciano, (MN). Regione Lombardia</subfield>
         </datafield>
      </record>