
      <record>
         <leader>00000nz  a2200169   4500</leader>
         <controlfield tag="001">30004837</controlfield>
         <controlfield tag="003">RISM</controlfield>
         <controlfield tag="005">20160216</controlfield>
         <controlfield tag="008">160216n||az|||||||##########||||||||||||</controlfield>
         <datafield tag="040" ind1=" " ind2=" ">
            <subfield code="a">I-MOc</subfield>
         </datafield>
         <datafield tag="043" ind1=" " ind2=" ">
            <subfield code="c">XA-IT</subfield>
         </datafield>
         <datafield tag="110" ind1="2" ind2=" ">
            <subfield code="a">Biblioteca Civica di storia dell'arte Luigi Poletti</subfield>
            <subfield code="c">Modena</subfield>
            <subfield code="g">I-MOc</subfield>
         </datafield>
         <datafield tag="410" ind1="2" ind2=" ">
            <subfield code="a">Biblioteca Comunale Luigi Poletti</subfield>
         </datafield>
         <datafield tag="622" ind1=" " ind2=" ">
            <subfield code="e">Biblioteca Civica di storia dell'arte, Luigi Poletti, Palazzo dei Musei, Piazzale S. Agostino, 5, I-41100 Modena. Regione Emilia, Romagna</subfield>
         </datafield>
      </record>