
      <record>
         <leader>00000nz  a2200169   4500</leader>
         <controlfield tag="001">30001836</controlfield>
         <controlfield tag="003">RISM</controlfield>
         <controlfield tag="005">20160216</controlfield>
         <controlfield tag="008">160216n||az|||||||##########||||||||||||</controlfield>
         <datafield tag="040" ind1=" " ind2=" ">
            <subfield code="a">I-MOd</subfield>
         </datafield>
         <datafield tag="043" ind1=" " ind2=" ">
            <subfield code="c">XA-IT</subfield>
         </datafield>
         <datafield tag="110" ind1="2" ind2=" ">
            <subfield code="a">Biblioteca capitolare e Archivio del Duomo</subfield>
            <subfield code="c">Modena</subfield>
            <subfield code="g">I-MOd</subfield>
         </datafield>
         <datafield tag="622" ind1=" " ind2=" ">
            <subfield code="e">Biblioteca capitolare e Archivio del,  Duomo, Via Lanfranco, 6, 41100 Modena (MO), Italy</subfield>
            <subfield code="u">http://www.duomodimodena.it/archivio/archivio.html</subfield>
         </datafield>
      </record>