
      <record>
         <leader>00000nz  a2200169   4500</leader>
         <controlfield tag="001">30003484</controlfield>
         <controlfield tag="003">RISM</controlfield>
         <controlfield tag="005">20160216</controlfield>
         <controlfield tag="008">160216n||az|||||||##########||||||||||||</controlfield>
         <datafield tag="040" ind1=" " ind2=" ">
            <subfield code="a">I-MOdep</subfield>
         </datafield>
         <datafield tag="043" ind1=" " ind2=" ">
            <subfield code="c">XA-IT</subfield>
         </datafield>
         <datafield tag="110" ind1="2" ind2=" ">
            <subfield code="a">Deputazione di Storia Patria per le Antiche Province Modenesi, Biblioteca</subfield>
            <subfield code="c">Modena</subfield>
            <subfield code="g">I-MOdep</subfield>
         </datafield>
         <datafield tag="622" ind1=" " ind2=" ">
            <subfield code="e">Deputazione di Storia Patria per le, Antiche Province Modenesi, Biblioteca, Via Pomposa 1, I-41100 Modena. Regione, Emilia Romagna</subfield>
         </datafield>
      </record>