
      <record>
         <leader>00000nz  a2200169   4500</leader>
         <controlfield tag="001">30001837</controlfield>
         <controlfield tag="003">RISM</controlfield>
         <controlfield tag="005">20160216</controlfield>
         <controlfield tag="008">160216n||az|||||||##########||||||||||||</controlfield>
         <datafield tag="040" ind1=" " ind2=" ">
            <subfield code="a">I-MOe</subfield>
         </datafield>
         <datafield tag="043" ind1=" " ind2=" ">
            <subfield code="c">XA-IT</subfield>
         </datafield>
         <datafield tag="110" ind1="2" ind2=" ">
            <subfield code="a">Biblioteca Estense</subfield>
            <subfield code="c">Modena</subfield>
            <subfield code="g">I-MOe</subfield>
         </datafield>
         <datafield tag="410" ind1="2" ind2=" ">
            <subfield code="a">Biblioteca Estense e Universitaria</subfield>
         </datafield>
         <datafield tag="622" ind1=" " ind2=" ">
            <subfield code="e">Biblioteca Estense, Largo S. Agostino 337, 41100 Modena, Italy</subfield>
            <subfield code="u">http://www.cedoc.mo.it/estense/</subfield>
         </datafield>
      </record>