
      <record>
         <leader>00000nz  a2200169   4500</leader>
         <controlfield tag="001">30001838</controlfield>
         <controlfield tag="003">RISM</controlfield>
         <controlfield tag="005">20160216</controlfield>
         <controlfield tag="008">160216n||az|||||||##########||||||||||||</controlfield>
         <datafield tag="040" ind1=" " ind2=" ">
            <subfield code="a">I-MOf</subfield>
         </datafield>
         <datafield tag="043" ind1=" " ind2=" ">
            <subfield code="c">XA-IT</subfield>
         </datafield>
         <datafield tag="110" ind1="2" ind2=" ">
            <subfield code="a">Biblioteca Pagliaroli di Baggiovara</subfield>
            <subfield code="c">Modena</subfield>
            <subfield code="g">I-MOf</subfield>
         </datafield>
         <datafield tag="410" ind1="2" ind2=" ">
            <subfield code="a">Biblioteca Forni</subfield>
         </datafield>
         <datafield tag="622" ind1=" " ind2=" ">
            <subfield code="e">Biblioteca Pagliaroli di Baggiovara, Strada Corletto, 410, 41126 Modena (MO), Italy</subfield>
         </datafield>
      </record>