
      <record>
         <leader>00000nz  a2200169   4500</leader>
         <controlfield tag="001">30001839</controlfield>
         <controlfield tag="003">RISM</controlfield>
         <controlfield tag="005">20160216</controlfield>
         <controlfield tag="008">160216n||az|||||||##########||||||||||||</controlfield>
         <datafield tag="040" ind1=" " ind2=" ">
            <subfield code="a">I-MOl</subfield>
         </datafield>
         <datafield tag="043" ind1=" " ind2=" ">
            <subfield code="c">XA-IT</subfield>
         </datafield>
         <datafield tag="110" ind1="2" ind2=" ">
            <subfield code="a">Biblioteca dell'Istituto musicale Pareggiato "O. Vecchi - A. Tonelli"</subfield>
            <subfield code="c">Modena</subfield>
            <subfield code="g">I-MOl</subfield>
         </datafield>
         <datafield tag="622" ind1=" " ind2=" ">
            <subfield code="e">Biblioteca dell'Istituto musicale,  Pareggiato "O. Vecchi - A. Tonelli", Via C. Goldoni, 8, 41121 Modena (MO), Italy</subfield>
            <subfield code="u">http://www.comune.modena.it/oraziovecchi/</subfield>
         </datafield>
      </record>