
      <record>
         <leader>00000nz  a2200169   4500</leader>
         <controlfield tag="001">30004841</controlfield>
         <controlfield tag="003">RISM</controlfield>
         <controlfield tag="005">20160216</controlfield>
         <controlfield tag="008">160216n||az|||||||##########||||||||||||</controlfield>
         <datafield tag="040" ind1=" " ind2=" ">
            <subfield code="a">I-MONad</subfield>
         </datafield>
         <datafield tag="043" ind1=" " ind2=" ">
            <subfield code="c">XA-IT</subfield>
         </datafield>
         <datafield tag="110" ind1="2" ind2=" ">
            <subfield code="a">Archivio Unico Diocesano</subfield>
            <subfield code="c">Monopoli</subfield>
            <subfield code="g">I-MONad</subfield>
         </datafield>
         <datafield tag="622" ind1=" " ind2=" ">
            <subfield code="e">Archivio Unico Diocesano, Largo Cattedrale, I-70043 Monopoli, (BA). Regione Puglia</subfield>
         </datafield>
      </record>