
      <record>
         <leader>00000nz  a2200169   4500</leader>
         <controlfield tag="001">30005250</controlfield>
         <controlfield tag="003">RISM</controlfield>
         <controlfield tag="005">20160216</controlfield>
         <controlfield tag="008">160216n||az|||||||##########||||||||||||</controlfield>
         <datafield tag="040" ind1=" " ind2=" ">
            <subfield code="a">I-MONc</subfield>
         </datafield>
         <datafield tag="043" ind1=" " ind2=" ">
            <subfield code="c">XA-IT</subfield>
         </datafield>
         <datafield tag="110" ind1="2" ind2=" ">
            <subfield code="a">Biblioteca del Conservatorio di Musica Nino Rota</subfield>
            <subfield code="c">Monopoli</subfield>
            <subfield code="g">I-MONc</subfield>
         </datafield>
         <datafield tag="410" ind1="2" ind2=" ">
            <subfield code="a">Biblioteca del Conservatorio Statale di Musica Niccolò Piccinni</subfield>
         </datafield>
         <datafield tag="622" ind1=" " ind2=" ">
            <subfield code="e">Biblioteca del Conservatorio di Musica,  Nino Rota, Piazza Sant'Antonio, 27, 70043 Monopoli (BA), Italy</subfield>
            <subfield code="u">http://www.movio.beniculturali.it/cm/oraziofiume/it/12/la-biblioteca</subfield>
         </datafield>
      </record>