
      <record>
         <leader>00000nz  a2200169   4500</leader>
         <controlfield tag="001">30005882</controlfield>
         <controlfield tag="003">RISM</controlfield>
         <controlfield tag="005">20160216</controlfield>
         <controlfield tag="008">160216n||az|||||||##########||||||||||||</controlfield>
         <datafield tag="040" ind1=" " ind2=" ">
            <subfield code="a">I-MOsc</subfield>
         </datafield>
         <datafield tag="043" ind1=" " ind2=" ">
            <subfield code="c">XA-IT</subfield>
         </datafield>
         <datafield tag="110" ind1="2" ind2=" ">
            <subfield code="a">Fondazione Collegio San Carlo, Biblioteca</subfield>
            <subfield code="c">Modena</subfield>
            <subfield code="g">I-MOsc</subfield>
         </datafield>
         <datafield tag="622" ind1=" " ind2=" ">
            <subfield code="e">Fondazione Collegio San Carlo,, Biblioteca, Via San Carlo, I-41199 Modena. Regione, Emilia Romagna</subfield>
         </datafield>
      </record>