
      <record>
         <leader>00000nz  a2200169   4500</leader>
         <controlfield tag="001">30004843</controlfield>
         <controlfield tag="003">RISM</controlfield>
         <controlfield tag="005">20160216</controlfield>
         <controlfield tag="008">160216n||az|||||||##########||||||||||||</controlfield>
         <datafield tag="040" ind1=" " ind2=" ">
            <subfield code="a">I-MRc</subfield>
         </datafield>
         <datafield tag="043" ind1=" " ind2=" ">
            <subfield code="c">XA-IT</subfield>
         </datafield>
         <datafield tag="110" ind1="2" ind2=" ">
            <subfield code="a">Santuario del S.S.Crocifisso, Biblioteca</subfield>
            <subfield code="c">Monreale</subfield>
            <subfield code="g">I-MRc</subfield>
         </datafield>
         <datafield tag="410" ind1="2" ind2=" ">
            <subfield code="a">Collegiata del Santuario Crocifisso, Archivio</subfield>
         </datafield>
         <datafield tag="622" ind1=" " ind2=" ">
            <subfield code="e">Santuario del S.S.Crocifisso, Biblioteca, Via Collegiata, I-90046 Monreale (PA)., Regione Sicilia</subfield>
         </datafield>
      </record>