
      <record>
         <leader>00000nz  a2200169   4500</leader>
         <controlfield tag="001">30004847</controlfield>
         <controlfield tag="003">RISM</controlfield>
         <controlfield tag="005">20160216</controlfield>
         <controlfield tag="008">160216n||az|||||||##########||||||||||||</controlfield>
         <datafield tag="040" ind1=" " ind2=" ">
            <subfield code="a">I-MRCc</subfield>
         </datafield>
         <datafield tag="043" ind1=" " ind2=" ">
            <subfield code="c">XA-IT</subfield>
         </datafield>
         <datafield tag="110" ind1="2" ind2=" ">
            <subfield code="a">Convento dei Frati Minori Cappuccini</subfield>
            <subfield code="c">Morano Calabro</subfield>
            <subfield code="g">I-MRCc</subfield>
         </datafield>
         <datafield tag="410" ind1="2" ind2=" ">
            <subfield code="a">Convento dei Cappuccini, Biblioteca</subfield>
         </datafield>
         <datafield tag="622" ind1=" " ind2=" ">
            <subfield code="e">Convento dei Frati Minori Cappuccini, Via Provinciale, I-87016 Morano Calabro, (CS). Regione Calabria</subfield>
         </datafield>
      </record>