
      <record>
         <leader>00000nz  a2200169   4500</leader>
         <controlfield tag="001">30005266</controlfield>
         <controlfield tag="003">RISM</controlfield>
         <controlfield tag="005">20160216</controlfield>
         <controlfield tag="008">160216n||az|||||||##########||||||||||||</controlfield>
         <datafield tag="040" ind1=" " ind2=" ">
            <subfield code="a">I-MRElechi</subfield>
         </datafield>
         <datafield tag="043" ind1=" " ind2=" ">
            <subfield code="c">XA-IT</subfield>
         </datafield>
         <datafield tag="110" ind1="2" ind2=" ">
            <subfield code="a">Biblioteca privata Conte Luigi Lechi</subfield>
            <subfield code="c">Montirone</subfield>
            <subfield code="g">I-MRElechi</subfield>
         </datafield>
         <datafield tag="410" ind1="2" ind2=" ">
            <subfield code="a">Archivio privato del Conte Luigi Lechi</subfield>
         </datafield>
         <datafield tag="622" ind1=" " ind2=" ">
            <subfield code="e">Biblioteca privata Conte Luigi Lechi, Via Dante Alighieri 17, I-25010, Montirone (BS). Regione Lombardia</subfield>
         </datafield>
      </record>