
      <record>
         <leader>00000nz  a2200169   4500</leader>
         <controlfield tag="001">30004848</controlfield>
         <controlfield tag="003">RISM</controlfield>
         <controlfield tag="005">20160216</controlfield>
         <controlfield tag="008">160216n||az|||||||##########||||||||||||</controlfield>
         <datafield tag="040" ind1=" " ind2=" ">
            <subfield code="a">I-MRLc</subfield>
         </datafield>
         <datafield tag="043" ind1=" " ind2=" ">
            <subfield code="c">XA-IT</subfield>
         </datafield>
         <datafield tag="110" ind1="2" ind2=" ">
            <subfield code="a">Biblioteca comunale</subfield>
            <subfield code="c">Morlupo</subfield>
            <subfield code="g">I-MRLc</subfield>
         </datafield>
         <datafield tag="622" ind1=" " ind2=" ">
            <subfield code="e">Biblioteca comunale, Piazza Armando Diaz, 24, 00067 Morlupo (RM), Italy</subfield>
            <subfield code="u">http://www.morlupo.eu/labiblioteca_file/labiblioteca01.htm</subfield>
         </datafield>
      </record>