
      <record>
         <leader>00000nz  a2200169   4500</leader>
         <controlfield tag="001">30005267</controlfield>
         <controlfield tag="003">RISM</controlfield>
         <controlfield tag="005">20160216</controlfield>
         <controlfield tag="008">160216n||az|||||||##########||||||||||||</controlfield>
         <datafield tag="040" ind1=" " ind2=" ">
            <subfield code="a">I-MRNp</subfield>
         </datafield>
         <datafield tag="043" ind1=" " ind2=" ">
            <subfield code="c">XA-IT</subfield>
         </datafield>
         <datafield tag="110" ind1="2" ind2=" ">
            <subfield code="a">Archivio Parrocchiale</subfield>
            <subfield code="c">Mornese</subfield>
            <subfield code="g">I-MRNp</subfield>
         </datafield>
         <datafield tag="622" ind1=" " ind2=" ">
            <subfield code="e">Archivio Parrocchiale, Piazza S. M. Mazzarello, I-15075, Mornese (AL). Regione Piemonte</subfield>
         </datafield>
      </record>