
      <record>
         <leader>00000nz  a2200169   4500</leader>
         <controlfield tag="001">30004570</controlfield>
         <controlfield tag="003">RISM</controlfield>
         <controlfield tag="005">20160216</controlfield>
         <controlfield tag="008">160216n||az|||||||##########||||||||||||</controlfield>
         <datafield tag="040" ind1=" " ind2=" ">
            <subfield code="a">I-MROm</subfield>
         </datafield>
         <datafield tag="043" ind1=" " ind2=" ">
            <subfield code="c">XA-IT</subfield>
         </datafield>
         <datafield tag="110" ind1="2" ind2=" ">
            <subfield code="a">Museo civico presso l'Aquila Rossa</subfield>
            <subfield code="c">Merano</subfield>
            <subfield code="g">I-MROm</subfield>
         </datafield>
         <datafield tag="410" ind1="2" ind2=" ">
            <subfield code="a">Stadtmuseum im Roten Adler</subfield>
         </datafield>
         <datafield tag="622" ind1=" " ind2=" ">
            <subfield code="e">Museo civico presso l'Aquila Rossa, Via delle Corse, 42/a, 39012 Merano (BZ), Italy</subfield>
            <subfield code="u">http://www.comune.merano.bz.it/it/museo-civico.asp#anc1166</subfield>
         </datafield>
      </record>