
      <record>
         <leader>00000nz  a2200169   4500</leader>
         <controlfield tag="001">30005227</controlfield>
         <controlfield tag="003">RISM</controlfield>
         <controlfield tag="005">20160216</controlfield>
         <controlfield tag="008">160216n||az|||||||##########||||||||||||</controlfield>
         <datafield tag="040" ind1=" " ind2=" ">
            <subfield code="a">I-MROsn</subfield>
         </datafield>
         <datafield tag="043" ind1=" " ind2=" ">
            <subfield code="c">XA-IT</subfield>
         </datafield>
         <datafield tag="110" ind1="2" ind2=" ">
            <subfield code="a">Chiesa Parrocchiale di S. Nicola</subfield>
            <subfield code="c">Merano</subfield>
            <subfield code="g">I-MROsn</subfield>
         </datafield>
         <datafield tag="410" ind1="2" ind2=" ">
            <subfield code="a">Stadtpfarre St. Nikolaus</subfield>
         </datafield>
         <datafield tag="622" ind1=" " ind2=" ">
            <subfield code="e">Chiesa Parrocchiale di S. Nicola, Vc. Passiria, 3, 39012 Merano (BZ), Italy</subfield>
         </datafield>
      </record>