
      <record>
         <leader>00000nz  a2200169   4500</leader>
         <controlfield tag="001">30005253</controlfield>
         <controlfield tag="003">RISM</controlfield>
         <controlfield tag="005">20160216</controlfield>
         <controlfield tag="008">160216n||az|||||||##########||||||||||||</controlfield>
         <datafield tag="040" ind1=" " ind2=" ">
            <subfield code="a">I-MRs</subfield>
         </datafield>
         <datafield tag="043" ind1=" " ind2=" ">
            <subfield code="c">XA-IT</subfield>
         </datafield>
         <datafield tag="110" ind1="2" ind2=" ">
            <subfield code="a">Biblioteca Ludivico II. de Torres (Seminario Arcivescovile)</subfield>
            <subfield code="c">Monreale</subfield>
            <subfield code="g">I-MRs</subfield>
         </datafield>
         <datafield tag="410" ind1="2" ind2=" ">
            <subfield code="a">Biblioteca Torres (Seminario)</subfield>
         </datafield>
         <datafield tag="622" ind1=" " ind2=" ">
            <subfield code="e">Biblioteca Ludivico II. de Torres, (Seminario Arcivescovile), Via Cappuccini 16, I-90046 Monreale, (PA). Regione Sicilia</subfield>
         </datafield>
      </record>