
      <record>
         <leader>00000nz  a2200169   4500</leader>
         <controlfield tag="001">30003471</controlfield>
         <controlfield tag="003">RISM</controlfield>
         <controlfield tag="005">20160216</controlfield>
         <controlfield tag="008">160216n||az|||||||##########||||||||||||</controlfield>
         <datafield tag="040" ind1=" " ind2=" ">
            <subfield code="a">I-Ms</subfield>
         </datafield>
         <datafield tag="043" ind1=" " ind2=" ">
            <subfield code="c">XA-IT</subfield>
         </datafield>
         <datafield tag="110" ind1="2" ind2=" ">
            <subfield code="a">Biblioteca teatrale Livia Simoni del Museo Teatrale alla Scala</subfield>
            <subfield code="c">Milano</subfield>
            <subfield code="g">I-Ms</subfield>
         </datafield>
         <datafield tag="622" ind1=" " ind2=" ">
            <subfield code="e">Biblioteca teatrale Livia Simoni del,  Museo Teatrale alla Scala, Piazza della Scala, Via Filodrammatici, 2, 20121 Milano (MI), Italy</subfield>
            <subfield code="u">http://www.teatroallascala.org/it/scopri/museo-teatrale/biblioteca-simoni.html</subfield>
         </datafield>
      </record>