
      <record>
         <leader>00000nz  a2200169   4500</leader>
         <controlfield tag="001">30004815</controlfield>
         <controlfield tag="003">RISM</controlfield>
         <controlfield tag="005">20160216</controlfield>
         <controlfield tag="008">160216n||az|||||||##########||||||||||||</controlfield>
         <datafield tag="040" ind1=" " ind2=" ">
            <subfield code="a">I-Msap</subfield>
         </datafield>
         <datafield tag="043" ind1=" " ind2=" ">
            <subfield code="c">XA-IT</subfield>
         </datafield>
         <datafield tag="110" ind1="2" ind2=" ">
            <subfield code="a">Convento di S. Antonio da Padova (Frati Minori), Biblioteca</subfield>
            <subfield code="c">Milano</subfield>
            <subfield code="g">I-Msap</subfield>
         </datafield>
         <datafield tag="410" ind1="2" ind2=" ">
            <subfield code="a">Chiesa di S. Antonio da Padova, Archivio</subfield>
         </datafield>
         <datafield tag="622" ind1=" " ind2=" ">
            <subfield code="e">Convento di S. Antonio da Padova (Frati, Minori), Biblioteca, Via Farini 10, I-20159 Milano. Regione, Lombardia</subfield>
         </datafield>
      </record>