
      <record>
         <leader>00000nz  a2200169   4500</leader>
         <controlfield tag="001">30004816</controlfield>
         <controlfield tag="003">RISM</controlfield>
         <controlfield tag="005">20160216</controlfield>
         <controlfield tag="008">160216n||az|||||||##########||||||||||||</controlfield>
         <datafield tag="040" ind1=" " ind2=" ">
            <subfield code="a">I-Msb</subfield>
         </datafield>
         <datafield tag="043" ind1=" " ind2=" ">
            <subfield code="c">XA-IT</subfield>
         </datafield>
         <datafield tag="110" ind1="2" ind2=" ">
            <subfield code="a">Chiesa di S. Babila, Archivio</subfield>
            <subfield code="c">Milano</subfield>
            <subfield code="g">I-Msb</subfield>
         </datafield>
         <datafield tag="622" ind1=" " ind2=" ">
            <subfield code="e">Chiesa di S. Babila, Archivio, Corso Monforte 1, I-20122 Milano., Regione Lombardia</subfield>
         </datafield>
      </record>