
      <record>
         <leader>00000nz  a2200169   4500</leader>
         <controlfield tag="001">30004835</controlfield>
         <controlfield tag="003">RISM</controlfield>
         <controlfield tag="005">20160216</controlfield>
         <controlfield tag="008">160216n||az|||||||##########||||||||||||</controlfield>
         <datafield tag="040" ind1=" " ind2=" ">
            <subfield code="a">I-MSc</subfield>
         </datafield>
         <datafield tag="043" ind1=" " ind2=" ">
            <subfield code="c">XA-IT</subfield>
         </datafield>
         <datafield tag="110" ind1="2" ind2=" ">
            <subfield code="a">Biblioteca Civica Città di Massa</subfield>
            <subfield code="c">Massa</subfield>
            <subfield code="g">I-MSc</subfield>
         </datafield>
         <datafield tag="622" ind1=" " ind2=" ">
            <subfield code="e">Biblioteca Civica Città di Massa, Via Giovanni Sforza 1 (Piazza Mercurio, 22 ?), I-54100 Massa (MS). Regione, Toscana</subfield>
         </datafield>
      </record>