
      <record>
         <leader>00000nz  a2200169   4500</leader>
         <controlfield tag="001">30002574</controlfield>
         <controlfield tag="003">RISM</controlfield>
         <controlfield tag="005">20160216</controlfield>
         <controlfield tag="008">160216n||az|||||||##########||||||||||||</controlfield>
         <datafield tag="040" ind1=" " ind2=" ">
            <subfield code="a">I-Msc</subfield>
         </datafield>
         <datafield tag="043" ind1=" " ind2=" ">
            <subfield code="c">XA-IT</subfield>
         </datafield>
         <datafield tag="110" ind1="2" ind2=" ">
            <subfield code="a">Archivio della Chiesa di S. Maria presso S. Celso</subfield>
            <subfield code="c">Milano</subfield>
            <subfield code="g">I-Msc</subfield>
         </datafield>
         <datafield tag="410" ind1="2" ind2=" ">
            <subfield code="a">Biblioteca del Santuario di S. Maria dei Miracoli presso Celso</subfield>
         </datafield>
         <datafield tag="622" ind1=" " ind2=" ">
            <subfield code="e">Archivio della Chiesa di S. Maria presso,  S. Celso, Corso Italia 37, 20122 Milano (MI), Italy</subfield>
            <subfield code="u">http://www.santamariadeimiracoliesancelso.it/index.php/home.html</subfield>
         </datafield>
      </record>