
      <record>
         <leader>00000nz  a2200169   4500</leader>
         <controlfield tag="001">30004819</controlfield>
         <controlfield tag="003">RISM</controlfield>
         <controlfield tag="005">20160216</controlfield>
         <controlfield tag="008">160216n||az|||||||##########||||||||||||</controlfield>
         <datafield tag="040" ind1=" " ind2=" ">
            <subfield code="a">I-Msf</subfield>
         </datafield>
         <datafield tag="043" ind1=" " ind2=" ">
            <subfield code="c">XA-IT</subfield>
         </datafield>
         <datafield tag="110" ind1="2" ind2=" ">
            <subfield code="a">Centro S.Fedele, Biblioteca</subfield>
            <subfield code="c">Milano</subfield>
            <subfield code="g">I-Msf</subfield>
         </datafield>
         <datafield tag="410" ind1="2" ind2=" ">
            <subfield code="a">Chiesa di S. Fedele, Archivio</subfield>
         </datafield>
         <datafield tag="622" ind1=" " ind2=" ">
            <subfield code="e">Centro S.Fedele, Biblioteca, Piazza S. Fedele 4, I-20121 Milano., Regione Lombardia</subfield>
         </datafield>
      </record>