
      <record>
         <leader>00000nz  a2200169   4500</leader>
         <controlfield tag="001">30080348</controlfield>
         <controlfield tag="003">RISM</controlfield>
         <controlfield tag="005">20160216</controlfield>
         <controlfield tag="008">160216n||az|||||||##########||||||||||||</controlfield>
         <datafield tag="040" ind1=" " ind2=" ">
            <subfield code="a">I-MSGac</subfield>
         </datafield>
         <datafield tag="043" ind1=" " ind2=" ">
            <subfield code="c">XA-IT</subfield>
         </datafield>
         <datafield tag="110" ind1="2" ind2=" ">
            <subfield code="a">Associazione Culturale Colli</subfield>
            <subfield code="c">Monte San Giovanni Campano</subfield>
            <subfield code="g">I-MSGac</subfield>
         </datafield>
         <datafield tag="622" ind1=" " ind2=" ">
            <subfield code="e">Associazione Culturale Colli, Via Catenella, 03025 Monte San Giovanni Campano (FR), Italy</subfield>
         </datafield>
      </record>