
      <record>
         <leader>00000nz  a2200169   4500</leader>
         <controlfield tag="001">30005221</controlfield>
         <controlfield tag="003">RISM</controlfield>
         <controlfield tag="005">20160216</controlfield>
         <controlfield tag="008">160216n||az|||||||##########||||||||||||</controlfield>
         <datafield tag="040" ind1=" " ind2=" ">
            <subfield code="a">I-MSPss</subfield>
         </datafield>
         <datafield tag="043" ind1=" " ind2=" ">
            <subfield code="c">XA-IT</subfield>
         </datafield>
         <datafield tag="110" ind1="2" ind2=" ">
            <subfield code="a">Comitato Comunale Permanente di Studi Spontiniani, Archivio</subfield>
            <subfield code="c">Maiolati Spontini</subfield>
            <subfield code="g">I-MSPss</subfield>
         </datafield>
         <datafield tag="622" ind1=" " ind2=" ">
            <subfield code="e">Comitato Comunale Permanente di Studi, Spontiniani, Archivio, Via Spontini 22, I-60030 Maiolati, Spontini (AN). Regione Marche</subfield>
         </datafield>
      </record>