
      <record>
         <leader>00000nz  a2200169   4500</leader>
         <controlfield tag="001">30005236</controlfield>
         <controlfield tag="003">RISM</controlfield>
         <controlfield tag="005">20160216</controlfield>
         <controlfield tag="008">160216n||az|||||||##########||||||||||||</controlfield>
         <datafield tag="040" ind1=" " ind2=" ">
            <subfield code="a">I-Msto</subfield>
         </datafield>
         <datafield tag="043" ind1=" " ind2=" ">
            <subfield code="c">XA-IT</subfield>
         </datafield>
         <datafield tag="110" ind1="2" ind2=" ">
            <subfield code="a">Chiesa di S. Tommaso in S. Ildefonso, Archivio</subfield>
            <subfield code="c">Milano</subfield>
            <subfield code="g">I-Msto</subfield>
         </datafield>
         <datafield tag="622" ind1=" " ind2=" ">
            <subfield code="e">Chiesa di S. Tommaso in S. Ildefonso,, Archivio, Via M. A. Colonna 1, I-20149 Milano., Regione Lombardia</subfield>
         </datafield>
      </record>