
      <record>
         <leader>00000nz  a2200169   4500</leader>
         <controlfield tag="001">30005235</controlfield>
         <controlfield tag="003">RISM</controlfield>
         <controlfield tag="005">20160216</controlfield>
         <controlfield tag="008">160216n||az|||||||##########||||||||||||</controlfield>
         <datafield tag="040" ind1=" " ind2=" ">
            <subfield code="a">I-Msz</subfield>
         </datafield>
         <datafield tag="043" ind1=" " ind2=" ">
            <subfield code="c">XA-IT</subfield>
         </datafield>
         <datafield tag="110" ind1="2" ind2=" ">
            <subfield code="a">Casa Editrice Suvini Zerboni, Archivio</subfield>
            <subfield code="c">Milano</subfield>
            <subfield code="g">I-Msz</subfield>
         </datafield>
         <datafield tag="410" ind1="2" ind2=" ">
            <subfield code="a">Archivio di Musica classica della Casa Editrice Suvini Zerboni</subfield>
         </datafield>
         <datafield tag="622" ind1=" " ind2=" ">
            <subfield code="e">Casa Editrice Suvini Zerboni, Archivio, Via Quintiliano 40, I-20138 Milano., Regione Lombardia</subfield>
         </datafield>
      </record>