
      <record>
         <leader>00000nz  a2200169   4500</leader>
         <controlfield tag="001">30001829</controlfield>
         <controlfield tag="003">RISM</controlfield>
         <controlfield tag="005">20160216</controlfield>
         <controlfield tag="008">160216n||az|||||||##########||||||||||||</controlfield>
         <datafield tag="040" ind1=" " ind2=" ">
            <subfield code="a">I-Mt</subfield>
         </datafield>
         <datafield tag="043" ind1=" " ind2=" ">
            <subfield code="c">XA-IT</subfield>
         </datafield>
         <datafield tag="110" ind1="2" ind2=" ">
            <subfield code="a">Archivio storico civico e Biblioteca trivulziana</subfield>
            <subfield code="c">Milano</subfield>
            <subfield code="g">I-Mt</subfield>
         </datafield>
         <datafield tag="622" ind1=" " ind2=" ">
            <subfield code="e">Archivio storico civico e Biblioteca,  trivulziana, Castello Sforzesco, Piazza Castello, 3, 20121 Milano (MI), Italy</subfield>
            <subfield code="u">http://goo.gl/JKyWfu</subfield>
         </datafield>
      </record>