
      <record>
         <leader>00000nz  a2200169   4500</leader>
         <controlfield tag="001">30004845</controlfield>
         <controlfield tag="003">RISM</controlfield>
         <controlfield tag="005">20160216</controlfield>
         <controlfield tag="008">160216n||az|||||||##########||||||||||||</controlfield>
         <datafield tag="040" ind1=" " ind2=" ">
            <subfield code="a">I-MTc</subfield>
         </datafield>
         <datafield tag="043" ind1=" " ind2=" ">
            <subfield code="c">XA-IT</subfield>
         </datafield>
         <datafield tag="110" ind1="2" ind2=" ">
            <subfield code="a">Biblioteca comunale</subfield>
            <subfield code="c">Montecatini Terme</subfield>
            <subfield code="g">I-MTc</subfield>
         </datafield>
         <datafield tag="410" ind1="2" ind2=" ">
            <subfield code="a">Biblioteca comunale Villa Forini Lippi</subfield>
         </datafield>
         <datafield tag="622" ind1=" " ind2=" ">
            <subfield code="e">Biblioteca comunale, Via Provinciale Lucchese, 41/43, 51016 Montecatini Terme (PT), Italy</subfield>
            <subfield code="u">http://goo.gl/0bwWRF</subfield>
         </datafield>
      </record>