
      <record>
         <leader>00000nz  a2200169   4500</leader>
         <controlfield tag="001">30005419</controlfield>
         <controlfield tag="003">RISM</controlfield>
         <controlfield tag="005">20160216</controlfield>
         <controlfield tag="008">160216n||az|||||||##########||||||||||||</controlfield>
         <datafield tag="040" ind1=" " ind2=" ">
            <subfield code="a">I-MTPsc</subfield>
         </datafield>
         <datafield tag="043" ind1=" " ind2=" ">
            <subfield code="c">XA-IT</subfield>
         </datafield>
         <datafield tag="110" ind1="2" ind2=" ">
            <subfield code="a">Collegiata di Santa Croce sull'Arno, Archivio</subfield>
            <subfield code="c">Montepulciano</subfield>
            <subfield code="g">I-MTPsc</subfield>
         </datafield>
         <datafield tag="622" ind1=" " ind2=" ">
            <subfield code="e">Collegiata di Santa Croce sull'Arno,, Archivio, I-56029 Santa Croce sull'Arno (PI)., Regione Toscana</subfield>
         </datafield>
      </record>