
      <record>
         <leader>00000nz  a2200169   4500</leader>
         <controlfield tag="001">30080347</controlfield>
         <controlfield tag="003">RISM</controlfield>
         <controlfield tag="005">20160216</controlfield>
         <controlfield tag="008">160216n||az|||||||##########||||||||||||</controlfield>
         <datafield tag="040" ind1=" " ind2=" ">
            <subfield code="a">I-MTRc</subfield>
         </datafield>
         <datafield tag="043" ind1=" " ind2=" ">
            <subfield code="c">XA-IT</subfield>
         </datafield>
         <datafield tag="110" ind1="2" ind2=" ">
            <subfield code="a">Biblioteca comunale Paolo Angelani</subfield>
            <subfield code="c">Monterotondo</subfield>
            <subfield code="g">I-MTRc</subfield>
         </datafield>
         <datafield tag="622" ind1=" " ind2=" ">
            <subfield code="e">Biblioteca comunale Paolo Angelani, Piazza Don Minzoni, 00015 Monterotondo (RM), Italy</subfield>
            <subfield code="u">http://www.icmcomune.it/icm/content/biblioteca-paolo-angelani</subfield>
         </datafield>
      </record>