
      <record>
         <leader>00000nz  a2200169   4500</leader>
         <controlfield tag="001">30004827</controlfield>
         <controlfield tag="003">RISM</controlfield>
         <controlfield tag="005">20160216</controlfield>
         <controlfield tag="008">160216n||az|||||||##########||||||||||||</controlfield>
         <datafield tag="040" ind1=" " ind2=" ">
            <subfield code="a">I-Mu</subfield>
         </datafield>
         <datafield tag="043" ind1=" " ind2=" ">
            <subfield code="c">XA-IT</subfield>
         </datafield>
         <datafield tag="110" ind1="2" ind2=" ">
            <subfield code="a">Università degli Studi di Milano, Facoltà di Giurisprudenza, Biblioteca</subfield>
            <subfield code="c">Milano</subfield>
            <subfield code="g">I-Mu</subfield>
         </datafield>
         <datafield tag="622" ind1=" " ind2=" ">
            <subfield code="e">Università degli Studi di Milano,, Facoltà di Giurisprudenza, Biblioteca, Via Festa del Perdono 7, I-20122 Milano</subfield>
         </datafield>
      </record>