
      <record>
         <leader>00000nz  a2200169   4500</leader>
         <controlfield tag="001">30005246</controlfield>
         <controlfield tag="003">RISM</controlfield>
         <controlfield tag="005">20160216</controlfield>
         <controlfield tag="008">160216n||az|||||||##########||||||||||||</controlfield>
         <datafield tag="040" ind1=" " ind2=" ">
            <subfield code="a">I-Murfm</subfield>
         </datafield>
         <datafield tag="043" ind1=" " ind2=" ">
            <subfield code="c">XA-IT</subfield>
         </datafield>
         <datafield tag="110" ind1="2" ind2=" ">
            <subfield code="a">Ufficio ricerca fondi musicali</subfield>
            <subfield code="c">Milano</subfield>
            <subfield code="g">I-Murfm</subfield>
         </datafield>
         <datafield tag="622" ind1=" " ind2=" ">
            <subfield code="e">Ufficio ricerca fondi musicali, Via del Conservatorio, 12, 20122 Milano (MI), Italy</subfield>
            <subfield code="u">http://www.urfm.braidense.it</subfield>
         </datafield>
      </record>