
      <record>
         <leader>00000nz  a2200169   4500</leader>
         <controlfield tag="001">30003485</controlfield>
         <controlfield tag="003">RISM</controlfield>
         <controlfield tag="005">20160216</controlfield>
         <controlfield tag="008">160216n||az|||||||##########||||||||||||</controlfield>
         <datafield tag="040" ind1=" " ind2=" ">
            <subfield code="a">I-MV</subfield>
         </datafield>
         <datafield tag="043" ind1=" " ind2=" ">
            <subfield code="c">XA-IT</subfield>
         </datafield>
         <datafield tag="110" ind1="2" ind2=" ">
            <subfield code="a">Biblioteca Statale annessa al Monumento Nazionale di Montevergine</subfield>
            <subfield code="c">Mercogliano</subfield>
            <subfield code="g">I-MV</subfield>
         </datafield>
         <datafield tag="410" ind1="2" ind2=" ">
            <subfield code="a">Biblioteca del Santuario</subfield>
         </datafield>
         <datafield tag="410" ind1="2" ind2=" ">
            <subfield code="a">Santuario di Montevergine (Monumento Nazionale), Biblioteca</subfield>
         </datafield>
         <datafield tag="410" ind1="2" ind2=" ">
            <subfield code="a">Montevergine, Biblioteca del Santurario</subfield>
         </datafield>
         <datafield tag="622" ind1=" " ind2=" ">
            <subfield code="e">Biblioteca Statale annessa al Monumento, Nazionale di Montevergine, Via Loreto 1, I-83013 Mercogliano (AV)., Regione Campania</subfield>
         </datafield>
      </record>