
      <record>
         <leader>00000nz  a2200169   4500</leader>
         <controlfield tag="001">30003089</controlfield>
         <controlfield tag="003">RISM</controlfield>
         <controlfield tag="005">20160216</controlfield>
         <controlfield tag="008">160216n||az|||||||##########||||||||||||</controlfield>
         <datafield tag="040" ind1=" " ind2=" ">
            <subfield code="a">I-MZ</subfield>
         </datafield>
         <datafield tag="043" ind1=" " ind2=" ">
            <subfield code="c">XA-IT</subfield>
         </datafield>
         <datafield tag="110" ind1="2" ind2=" ">
            <subfield code="a">Biblioteca capitolare del Duomo</subfield>
            <subfield code="c">Monza</subfield>
            <subfield code="g">I-MZ</subfield>
         </datafield>
         <datafield tag="410" ind1="2" ind2=" ">
            <subfield code="a">Biblioteca capitolare della Basilica di S. Giovanni Battista</subfield>
         </datafield>
         <datafield tag="622" ind1=" " ind2=" ">
            <subfield code="e">Biblioteca capitolare del Duomo, Via Canonica, 8, 20052 Monza (MB), Italy</subfield>
            <subfield code="u">http://www.duomomonza.it/cultura-e-musica/la-biblioteca-capitolare</subfield>
         </datafield>
      </record>