
      <record>
         <leader>00000nz  a2200169   4500</leader>
         <controlfield tag="001">30003090</controlfield>
         <controlfield tag="003">RISM</controlfield>
         <controlfield tag="005">20160216</controlfield>
         <controlfield tag="008">160216n||az|||||||##########||||||||||||</controlfield>
         <datafield tag="040" ind1=" " ind2=" ">
            <subfield code="a">I-Na</subfield>
         </datafield>
         <datafield tag="043" ind1=" " ind2=" ">
            <subfield code="c">XA-IT</subfield>
         </datafield>
         <datafield tag="110" ind1="2" ind2=" ">
            <subfield code="a">Biblioteca dell'Archivio di Stato</subfield>
            <subfield code="c">Napoli</subfield>
            <subfield code="g">I-Na</subfield>
         </datafield>
         <datafield tag="622" ind1=" " ind2=" ">
            <subfield code="e">Biblioteca dell'Archivio di Stato, Piazzetta del Grande Archivio, 5, 80138 Napoli (NA), Italy</subfield>
            <subfield code="u">http://www.archiviodistatonapoli.it/</subfield>
         </datafield>
      </record>