
      <record>
         <leader>00000nz  a2200169   4500</leader>
         <controlfield tag="001">30070335</controlfield>
         <controlfield tag="003">RISM</controlfield>
         <controlfield tag="005">20160216</controlfield>
         <controlfield tag="008">160216n||az|||||||##########||||||||||||</controlfield>
         <datafield tag="040" ind1=" " ind2=" ">
            <subfield code="a">I-NAve</subfield>
         </datafield>
         <datafield tag="043" ind1=" " ind2=" ">
            <subfield code="c">XA-IT</subfield>
         </datafield>
         <datafield tag="110" ind1="2" ind2=" ">
            <subfield code="a">Biblioteca Comunale Achille Vergari &lt;Nardò&gt;</subfield>
            <subfield code="c">Nardò</subfield>
            <subfield code="g">I-NAve</subfield>
         </datafield>
      </record>