
      <record>
         <leader>00000nz  a2200169   4500</leader>
         <controlfield tag="001">30000223</controlfield>
         <controlfield tag="003">RISM</controlfield>
         <controlfield tag="005">20160216</controlfield>
         <controlfield tag="008">160216n||az|||||||##########||||||||||||</controlfield>
         <datafield tag="040" ind1=" " ind2=" ">
            <subfield code="a">I-Nc</subfield>
         </datafield>
         <datafield tag="043" ind1=" " ind2=" ">
            <subfield code="c">XA-IT</subfield>
         </datafield>
         <datafield tag="110" ind1="2" ind2=" ">
            <subfield code="a">Biblioteca del Conservatorio di Musica S. Pietro a Majella</subfield>
            <subfield code="c">Napoli</subfield>
            <subfield code="g">I-Nc</subfield>
         </datafield>
         <datafield tag="622" ind1=" " ind2=" ">
            <subfield code="e">Biblioteca del Conservatorio di Musica,  S. Pietro a Majella, Via San Pietro a Majella, 35, 80138 Napoli (NA), Italy</subfield>
            <subfield code="u">http://www.sanpietroamajella.it/</subfield>
         </datafield>
      </record>