
      <record>
         <leader>00000nz  a2200169   4500</leader>
         <controlfield tag="001">30004853</controlfield>
         <controlfield tag="003">RISM</controlfield>
         <controlfield tag="005">20160216</controlfield>
         <controlfield tag="008">160216n||az|||||||##########||||||||||||</controlfield>
         <datafield tag="040" ind1=" " ind2=" ">
            <subfield code="a">I-Ncbf</subfield>
         </datafield>
         <datafield tag="043" ind1=" " ind2=" ">
            <subfield code="c">XA-IT</subfield>
         </datafield>
         <datafield tag="110" ind1="2" ind2=" ">
            <subfield code="a">Biblioteca Provinciale Francescana P. Ludovico da Caseria</subfield>
            <subfield code="c">Napoli</subfield>
            <subfield code="g">I-Ncbf</subfield>
         </datafield>
         <datafield tag="410" ind1="2" ind2=" ">
            <subfield code="a">Centro Bibliografico Francescano (Provinciale), Biblioteca</subfield>
         </datafield>
         <datafield tag="622" ind1=" " ind2=" ">
            <subfield code="e">Biblioteca Provinciale Francescana P., Ludovico da Caseria, Convento S. Chiara, via S. Chiara 49/c,, I-80134 Napoli. Regione Campania</subfield>
         </datafield>
      </record>