
      <record>
         <leader>00000nz  a2200169   4500</leader>
         <controlfield tag="001">30004850</controlfield>
         <controlfield tag="003">RISM</controlfield>
         <controlfield tag="005">20160216</controlfield>
         <controlfield tag="008">160216n||az|||||||##########||||||||||||</controlfield>
         <datafield tag="040" ind1=" " ind2=" ">
            <subfield code="a">I-NCTm</subfield>
         </datafield>
         <datafield tag="043" ind1=" " ind2=" ">
            <subfield code="c">XA-IT</subfield>
         </datafield>
         <datafield tag="110" ind1="2" ind2=" ">
            <subfield code="a">Museo Diocesano di Arte Sacra, Biblioteca</subfield>
            <subfield code="c">Nicotera</subfield>
            <subfield code="g">I-NCTm</subfield>
         </datafield>
         <datafield tag="410" ind1="2" ind2=" ">
            <subfield code="a">Museo Diocesano di Arte Sacra</subfield>
         </datafield>
         <datafield tag="622" ind1=" " ind2=" ">
            <subfield code="e">Museo Diocesano di Arte Sacra,, Biblioteca, Piazza Duomo 10 (Piazza Garibaldi ?), I, -88034 Nicotera (CZ). Regione Calabria</subfield>
         </datafield>
      </record>