
      <record>
         <leader>00000nz  a2200169   4500</leader>
         <controlfield tag="001">30080330</controlfield>
         <controlfield tag="003">RISM</controlfield>
         <controlfield tag="005">20160216</controlfield>
         <controlfield tag="008">160216n||az|||||||##########||||||||||||</controlfield>
         <datafield tag="040" ind1=" " ind2=" ">
            <subfield code="a">I-NEasd</subfield>
         </datafield>
         <datafield tag="043" ind1=" " ind2=" ">
            <subfield code="c">XA-IT</subfield>
         </datafield>
         <datafield tag="110" ind1="2" ind2=" ">
            <subfield code="a">Archivio storico diocesano della Diocesi di Civita castellana</subfield>
            <subfield code="c">Nepi</subfield>
            <subfield code="g">I-NEasd</subfield>
         </datafield>
         <datafield tag="622" ind1=" " ind2=" ">
            <subfield code="e">Archivio storico diocesano della Diocesi,  di Civita castellana, Piazza Duomo, 2, 01036 Nepi (VT), Italy</subfield>
         </datafield>
      </record>