
      <record>
         <leader>00000nz  a2200169   4500</leader>
         <controlfield tag="001">30001844</controlfield>
         <controlfield tag="003">RISM</controlfield>
         <controlfield tag="005">20160216</controlfield>
         <controlfield tag="008">160216n||az|||||||##########||||||||||||</controlfield>
         <datafield tag="040" ind1=" " ind2=" ">
            <subfield code="a">I-Nf</subfield>
         </datafield>
         <datafield tag="043" ind1=" " ind2=" ">
            <subfield code="c">XA-IT</subfield>
         </datafield>
         <datafield tag="110" ind1="2" ind2=" ">
            <subfield code="a">Biblioteca statale Oratoriana dei Girolamini di Napoli</subfield>
            <subfield code="c">Napoli</subfield>
            <subfield code="g">I-Nf</subfield>
         </datafield>
         <datafield tag="410" ind1="2" ind2=" ">
            <subfield code="a">Biblioteca Oratoriana del Monumento nazionale dei Girolamini (Filippini)</subfield>
         </datafield>
         <datafield tag="622" ind1=" " ind2=" ">
            <subfield code="e">Biblioteca Statale Oratoriana dei,  Girolamini di Napoli, Via del Duomo, 142, 80139 Napoli (NA), Italy</subfield>
            <subfield code="u">http://www.internetculturale.it/opencms/opencms/it/main/partner/istituto_22.html</subfield>
         </datafield>
      </record>