
      <record>
         <leader>00000nz  a2200169   4500</leader>
         <controlfield tag="001">30004856</controlfield>
         <controlfield tag="003">RISM</controlfield>
         <controlfield tag="005">20160216</controlfield>
         <controlfield tag="008">160216n||az|||||||##########||||||||||||</controlfield>
         <datafield tag="040" ind1=" " ind2=" ">
            <subfield code="a">I-Nim</subfield>
         </datafield>
         <datafield tag="043" ind1=" " ind2=" ">
            <subfield code="c">XA-IT</subfield>
         </datafield>
         <datafield tag="110" ind1="2" ind2=" ">
            <subfield code="a">Istituto di Magistero Suor Orsola Benincasa, Biblioteca Pagliara</subfield>
            <subfield code="c">Napoli</subfield>
            <subfield code="g">I-Nim</subfield>
         </datafield>
         <datafield tag="622" ind1=" " ind2=" ">
            <subfield code="e">Istituto di Magistero Suor Orsola, Benincasa, Biblioteca Pagliara, Via S. Orsola 10, I-80121 Napoli., Regione Campania</subfield>
         </datafield>
      </record>