
      <record>
         <leader>00000nz  a2200169   4500</leader>
         <controlfield tag="001">30005287</controlfield>
         <controlfield tag="003">RISM</controlfield>
         <controlfield tag="005">20160216</controlfield>
         <controlfield tag="008">160216n||az|||||||##########||||||||||||</controlfield>
         <datafield tag="040" ind1=" " ind2=" ">
            <subfield code="a">I-NLaf</subfield>
         </datafield>
         <datafield tag="043" ind1=" " ind2=" ">
            <subfield code="c">XA-IT</subfield>
         </datafield>
         <datafield tag="110" ind1="2" ind2=" ">
            <subfield code="a">Accademia Filarmonica Artistico-Letteraria, Biblioteca</subfield>
            <subfield code="c">Novi Ligure</subfield>
            <subfield code="g">I-NLaf</subfield>
         </datafield>
         <datafield tag="622" ind1=" " ind2=" ">
            <subfield code="e">Accademia Filarmonica Artistico, -Letteraria, Biblioteca, I-15067 Novi Ligure (AL). Regione, Piemonte</subfield>
         </datafield>
      </record>