
      <record>
         <leader>00000nz  a2200169   4500</leader>
         <controlfield tag="001">30004858</controlfield>
         <controlfield tag="003">RISM</controlfield>
         <controlfield tag="005">20160216</controlfield>
         <controlfield tag="008">160216n||az|||||||##########||||||||||||</controlfield>
         <datafield tag="040" ind1=" " ind2=" ">
            <subfield code="a">I-Nmn</subfield>
         </datafield>
         <datafield tag="043" ind1=" " ind2=" ">
            <subfield code="c">XA-IT</subfield>
         </datafield>
         <datafield tag="110" ind1="2" ind2=" ">
            <subfield code="a">Museo Nazionale di S. Martino, Biblioteca</subfield>
            <subfield code="c">Napoli</subfield>
            <subfield code="g">I-Nmn</subfield>
         </datafield>
         <datafield tag="622" ind1=" " ind2=" ">
            <subfield code="e">Museo Nazionale di S. Martino,, Biblioteca, Largo S. Martino 5, I-80129 Napoli., Regione Campania</subfield>
         </datafield>
      </record>