
      <record>
         <leader>00000nz  a2200169   4500</leader>
         <controlfield tag="001">30004851</controlfield>
         <controlfield tag="003">RISM</controlfield>
         <controlfield tag="005">20160216</controlfield>
         <controlfield tag="008">160216n||az|||||||##########||||||||||||</controlfield>
         <datafield tag="040" ind1=" " ind2=" ">
            <subfield code="a">I-NOCa</subfield>
         </datafield>
         <datafield tag="043" ind1=" " ind2=" ">
            <subfield code="c">XA-IT</subfield>
         </datafield>
         <datafield tag="110" ind1="2" ind2=" ">
            <subfield code="a">Abbazia Benedettina S. Maria della Scala, Biblioteca</subfield>
            <subfield code="c">Noci</subfield>
            <subfield code="g">I-NOCa</subfield>
         </datafield>
         <datafield tag="410" ind1="2" ind2=" ">
            <subfield code="a">Biblioteca Mons. Luigi Gallo dell'Abbazia Benedettina Madonna della Scala</subfield>
         </datafield>
         <datafield tag="622" ind1=" " ind2=" ">
            <subfield code="e">Abbazia Benedettina S. Maria della, Scala, Biblioteca, I-70015 Noci (BA). Regione Puglia</subfield>
         </datafield>
      </record>