
      <record>
         <leader>00000nz  a2200169   4500</leader>
         <controlfield tag="001">30003488</controlfield>
         <controlfield tag="003">RISM</controlfield>
         <controlfield tag="005">20160216</controlfield>
         <controlfield tag="008">160216n||az|||||||##########||||||||||||</controlfield>
         <datafield tag="040" ind1=" " ind2=" ">
            <subfield code="a">I-NON</subfield>
         </datafield>
         <datafield tag="043" ind1=" " ind2=" ">
            <subfield code="c">XA-IT</subfield>
         </datafield>
         <datafield tag="110" ind1="2" ind2=" ">
            <subfield code="a">Seminario Abbaziale, Biblioteca</subfield>
            <subfield code="c">Nonantola</subfield>
            <subfield code="g">I-NON</subfield>
         </datafield>
         <datafield tag="622" ind1=" " ind2=" ">
            <subfield code="e">Seminario Abbaziale, Biblioteca, Piazza Martiri Partigiani 1, I-41015, Nonantola (MO). Regione Emilia Romagna</subfield>
         </datafield>
      </record>