
      <record>
         <leader>00000nz  a2200169   4500</leader>
         <controlfield tag="001">30001846</controlfield>
         <controlfield tag="003">RISM</controlfield>
         <controlfield tag="005">20160216</controlfield>
         <controlfield tag="008">160216n||az|||||||##########||||||||||||</controlfield>
         <datafield tag="040" ind1=" " ind2=" ">
            <subfield code="a">I-NOVc</subfield>
         </datafield>
         <datafield tag="043" ind1=" " ind2=" ">
            <subfield code="c">XA-IT</subfield>
         </datafield>
         <datafield tag="110" ind1="2" ind2=" ">
            <subfield code="a">Biblioteca comunale Carlo Negroni</subfield>
            <subfield code="c">Novara</subfield>
            <subfield code="g">I-NOVc</subfield>
         </datafield>
         <datafield tag="410" ind1="2" ind2=" ">
            <subfield code="a">Biblioteche riunite civica e Negroni</subfield>
         </datafield>
         <datafield tag="622" ind1=" " ind2=" ">
            <subfield code="e">Biblioteca comunale Carlo Negroni, Corso Felice Cavallotti, 4/6, 28100 Novara (NO), Italy</subfield>
            <subfield code="u">http://www.comune.novara.it/citta/biblioteca/biblioteca.php</subfield>
         </datafield>
      </record>