
      <record>
         <leader>00000nz  a2200169   4500</leader>
         <controlfield tag="001">30001847</controlfield>
         <controlfield tag="003">RISM</controlfield>
         <controlfield tag="005">20160216</controlfield>
         <controlfield tag="008">160216n||az|||||||##########||||||||||||</controlfield>
         <datafield tag="040" ind1=" " ind2=" ">
            <subfield code="a">I-NOVd</subfield>
         </datafield>
         <datafield tag="043" ind1=" " ind2=" ">
            <subfield code="c">XA-IT</subfield>
         </datafield>
         <datafield tag="110" ind1="2" ind2=" ">
            <subfield code="a">Biblioteca capitolare di S. Maria (Duomo)</subfield>
            <subfield code="c">Novara</subfield>
            <subfield code="g">I-NOVd</subfield>
         </datafield>
         <datafield tag="622" ind1=" " ind2=" ">
            <subfield code="e">Biblioteca capitolare di S. Maria,  (Duomo), Via G. Puccini, 11, 28100 Novara (NO), Italy</subfield>
            <subfield code="u">http://www.novadomusnovara.it/novara/archivio-capitolare.html</subfield>
         </datafield>
      </record>