
      <record>
         <leader>00000nz  a2200169   4500</leader>
         <controlfield tag="001">30001848</controlfield>
         <controlfield tag="003">RISM</controlfield>
         <controlfield tag="005">20160216</controlfield>
         <controlfield tag="008">160216n||az|||||||##########||||||||||||</controlfield>
         <datafield tag="040" ind1=" " ind2=" ">
            <subfield code="a">I-NOVg</subfield>
         </datafield>
         <datafield tag="043" ind1=" " ind2=" ">
            <subfield code="c">XA-IT</subfield>
         </datafield>
         <datafield tag="110" ind1="2" ind2=" ">
            <subfield code="a">Biblioteca Seminario vescovile S. Gaudenzio</subfield>
            <subfield code="c">Novara</subfield>
            <subfield code="g">I-NOVg</subfield>
         </datafield>
         <datafield tag="410" ind1="2" ind2=" ">
            <subfield code="a">Biblioteca Gaudenziana</subfield>
         </datafield>
         <datafield tag="410" ind1="2" ind2=" ">
            <subfield code="a">Biblioteca del Seminario teologico filosofico di San Gaudenzio</subfield>
         </datafield>
         <datafield tag="622" ind1=" " ind2=" ">
            <subfield code="e">Biblioteca Seminario vescovile S.,  Gaudenzio, Via Monte San Gabriele, 60, 28100 Novara (NO), Italy</subfield>
            <subfield code="u">http://www.bibliotecagaudenziana.it/</subfield>
         </datafield>
      </record>