
      <record>
         <leader>00000nz  a2200169   4500</leader>
         <controlfield tag="001">30003489</controlfield>
         <controlfield tag="003">RISM</controlfield>
         <controlfield tag="005">20160216</controlfield>
         <controlfield tag="008">160216n||az|||||||##########||||||||||||</controlfield>
         <datafield tag="040" ind1=" " ind2=" ">
            <subfield code="a">I-NOVi</subfield>
         </datafield>
         <datafield tag="043" ind1=" " ind2=" ">
            <subfield code="c">XA-IT</subfield>
         </datafield>
         <datafield tag="110" ind1="2" ind2=" ">
            <subfield code="a">Istituto Civico Musicale Brera, Biblioteca</subfield>
            <subfield code="c">Novara</subfield>
            <subfield code="g">I-NOVi</subfield>
         </datafield>
         <datafield tag="410" ind1="2" ind2=" ">
            <subfield code="a">Biblioteca del Conservatorio Statale di Musica (sede staccata del Conservarorio di Alessandria)</subfield>
         </datafield>
         <datafield tag="410" ind1="2" ind2=" ">
            <subfield code="a">Conservatorio di Musica, Biblioteca</subfield>
         </datafield>
         <datafield tag="410" ind1="2" ind2=" ">
            <subfield code="a">Civico Istituto Musicale Brera</subfield>
         </datafield>
         <datafield tag="622" ind1=" " ind2=" ">
            <subfield code="e">Istituto Civico Musicale Brera,, Biblioteca, Viale Verdi, 2, I-28100 Novara. Regione, Piemonte</subfield>
         </datafield>
      </record>