
      <record>
         <leader>00000nz  a2200169   4500</leader>
         <controlfield tag="001">30003490</controlfield>
         <controlfield tag="003">RISM</controlfield>
         <controlfield tag="005">20160216</controlfield>
         <controlfield tag="008">160216n||az|||||||##########||||||||||||</controlfield>
         <datafield tag="040" ind1=" " ind2=" ">
            <subfield code="a">I-NOVsg</subfield>
         </datafield>
         <datafield tag="043" ind1=" " ind2=" ">
            <subfield code="c">XA-IT</subfield>
         </datafield>
         <datafield tag="110" ind1="2" ind2=" ">
            <subfield code="a">Biblioteca dell'Archivio capitolare della Basilica di S. Gaudenzio</subfield>
            <subfield code="c">Novara</subfield>
            <subfield code="g">I-NOVsg</subfield>
         </datafield>
         <datafield tag="622" ind1=" " ind2=" ">
            <subfield code="e">Biblioteca dell'Archivio capitolare,  della Basilica di S. Gaudenzio, Via Gaudenzio Ferrari, 20, 28100 Novara (NO), Italy</subfield>
         </datafield>
      </record>