
      <record>
         <leader>00000nz  a2200169   4500</leader>
         <controlfield tag="001">30004859</controlfield>
         <controlfield tag="003">RISM</controlfield>
         <controlfield tag="005">20160216</controlfield>
         <controlfield tag="008">160216n||az|||||||##########||||||||||||</controlfield>
         <datafield tag="040" ind1=" " ind2=" ">
            <subfield code="a">I-Nsdm</subfield>
         </datafield>
         <datafield tag="043" ind1=" " ind2=" ">
            <subfield code="c">XA-IT</subfield>
         </datafield>
         <datafield tag="110" ind1="2" ind2=" ">
            <subfield code="a">Convento di S. Domenico Maggiore, Biblioteca</subfield>
            <subfield code="c">Napoli</subfield>
            <subfield code="g">I-Nsdm</subfield>
         </datafield>
         <datafield tag="622" ind1=" " ind2=" ">
            <subfield code="e">Convento di S. Domenico Maggiore,, Biblioteca, Piazza S. Domenico Maggiore, I-80100, Napoli. Regione Campania</subfield>
         </datafield>
      </record>