
      <record>
         <leader>00000nz  a2200169   4500</leader>
         <controlfield tag="001">30005270</controlfield>
         <controlfield tag="003">RISM</controlfield>
         <controlfield tag="005">20160216</controlfield>
         <controlfield tag="008">160216n||az|||||||##########||||||||||||</controlfield>
         <datafield tag="040" ind1=" " ind2=" ">
            <subfield code="a">I-Nsf</subfield>
         </datafield>
         <datafield tag="043" ind1=" " ind2=" ">
            <subfield code="c">XA-IT</subfield>
         </datafield>
         <datafield tag="110" ind1="2" ind2=" ">
            <subfield code="a">Chiesa di S. Francesco d'Assisi al Vomero, Archivio</subfield>
            <subfield code="c">Napoli</subfield>
            <subfield code="g">I-Nsf</subfield>
         </datafield>
         <datafield tag="410" ind1="2" ind2=" ">
            <subfield code="a">Chiesa di S. Francesco d'Assisi al Vomero</subfield>
         </datafield>
         <datafield tag="622" ind1=" " ind2=" ">
            <subfield code="e">Chiesa di S. Francesco d'Assisi al, Vomero, Archivio, Via L. Giordano 2, I-80100 Napoli., Regione Campania</subfield>
         </datafield>
      </record>