
      <record>
         <leader>00000nz  a2200169   4500</leader>
         <controlfield tag="001">30004860</controlfield>
         <controlfield tag="003">RISM</controlfield>
         <controlfield tag="005">20160216</controlfield>
         <controlfield tag="008">160216n||az|||||||##########||||||||||||</controlfield>
         <datafield tag="040" ind1=" " ind2=" ">
            <subfield code="a">I-Nsg</subfield>
         </datafield>
         <datafield tag="043" ind1=" " ind2=" ">
            <subfield code="c">XA-IT</subfield>
         </datafield>
         <datafield tag="110" ind1="2" ind2=" ">
            <subfield code="a">Cappella del Tesoro di San Gennaro, Archivio</subfield>
            <subfield code="c">Napoli</subfield>
            <subfield code="g">I-Nsg</subfield>
         </datafield>
         <datafield tag="410" ind1="2" ind2=" ">
            <subfield code="a">Archivio della Cappella del Tesoro di San Gennaro (Deputazione Cappella di S. Gennaro)</subfield>
         </datafield>
         <datafield tag="622" ind1=" " ind2=" ">
            <subfield code="e">Cappella del Tesoro di San Gennaro,, Archivio, Via Duomo 149, I-80138 Napoli. Regione, Campania</subfield>
         </datafield>
      </record>