
      <record>
         <leader>00000nz  a2200169   4500</leader>
         <controlfield tag="001">30005274</controlfield>
         <controlfield tag="003">RISM</controlfield>
         <controlfield tag="005">20160216</controlfield>
         <controlfield tag="008">160216n||az|||||||##########||||||||||||</controlfield>
         <datafield tag="040" ind1=" " ind2=" ">
            <subfield code="a">I-Nslm</subfield>
         </datafield>
         <datafield tag="043" ind1=" " ind2=" ">
            <subfield code="c">XA-IT</subfield>
         </datafield>
         <datafield tag="110" ind1="2" ind2=" ">
            <subfield code="a">Biblioteca Francescana Provinciale fra Landolfo Ceracciolo (Convento di S. Lorenzo Maggiore)</subfield>
            <subfield code="c">Napoli</subfield>
            <subfield code="g">I-Nslm</subfield>
         </datafield>
         <datafield tag="410" ind1="2" ind2=" ">
            <subfield code="a">Convento di San Lorenzo Maggiore, Biblioteca</subfield>
         </datafield>
         <datafield tag="622" ind1=" " ind2=" ">
            <subfield code="e">Biblioteca Francescana Provinciale fra, Landolfo Ceracciolo (Convento di S., Lorenzo Maggiore), Via Tribunali 316, I-80139 Napoli., Regione Campania</subfield>
         </datafield>
      </record>