
      <record>
         <leader>00000nz  a2200169   4500</leader>
         <controlfield tag="001">30005278</controlfield>
         <controlfield tag="003">RISM</controlfield>
         <controlfield tag="005">20160216</controlfield>
         <controlfield tag="008">160216n||az|||||||##########||||||||||||</controlfield>
         <datafield tag="040" ind1=" " ind2=" ">
            <subfield code="a">I-Ntst</subfield>
         </datafield>
         <datafield tag="043" ind1=" " ind2=" ">
            <subfield code="c">XA-IT</subfield>
         </datafield>
         <datafield tag="110" ind1="2" ind2=" ">
            <subfield code="a">Biblioteca della Pontificia Facoltà Teologica dell'Italia meridionale. Sezione S. Tommaso</subfield>
            <subfield code="c">Napoli</subfield>
            <subfield code="g">I-Ntst</subfield>
         </datafield>
         <datafield tag="622" ind1=" " ind2=" ">
            <subfield code="e">Biblioteca della Pontificia Facoltà,  Teologica dell'Italia meridionale.,  Sezione S. Tommaso, Viale Colli Aminei, 2, 80131 Napoli (NA), Italy</subfield>
            <subfield code="u">http://www.pftim.it/pftim/s2magazine/index1.jsp?idPagina=176</subfield>
         </datafield>
      </record>