
      <record>
         <leader>00000nz  a2200169   4500</leader>
         <controlfield tag="001">30005283</controlfield>
         <controlfield tag="003">RISM</controlfield>
         <controlfield tag="005">20160216</controlfield>
         <controlfield tag="008">160216n||az|||||||##########||||||||||||</controlfield>
         <datafield tag="040" ind1=" " ind2=" ">
            <subfield code="a">I-NUac</subfield>
         </datafield>
         <datafield tag="043" ind1=" " ind2=" ">
            <subfield code="c">XA-IT</subfield>
         </datafield>
         <datafield tag="110" ind1="2" ind2=" ">
            <subfield code="a">Archivio Notarile Comunale</subfield>
            <subfield code="c">Nocera Umbra</subfield>
            <subfield code="g">I-NUac</subfield>
         </datafield>
         <datafield tag="622" ind1=" " ind2=" ">
            <subfield code="e">Archivio Notarile Comunale, Via S. Rinaldo 9, I-06025 Nocera Umbra, (PG). Regione Umbria</subfield>
         </datafield>
      </record>