
      <record>
         <leader>00000nz  a2200169   4500</leader>
         <controlfield tag="001">30001850</controlfield>
         <controlfield tag="003">RISM</controlfield>
         <controlfield tag="005">20160216</controlfield>
         <controlfield tag="008">160216n||az|||||||##########||||||||||||</controlfield>
         <datafield tag="040" ind1=" " ind2=" ">
            <subfield code="a">I-NV</subfield>
         </datafield>
         <datafield tag="043" ind1=" " ind2=" ">
            <subfield code="c">XA-IT</subfield>
         </datafield>
         <datafield tag="110" ind1="2" ind2=" ">
            <subfield code="a">Biblioteca dell'Abbazia di Novacella</subfield>
            <subfield code="c">Novacella</subfield>
            <subfield code="g">I-NV</subfield>
         </datafield>
         <datafield tag="410" ind1="2" ind2=" ">
            <subfield code="a">Bibliothek des Augustiner-Chorherrenstifts Neustift</subfield>
         </datafield>
         <datafield tag="622" ind1=" " ind2=" ">
            <subfield code="e">Biblioteca dell'Abbazia di Novacella, Via Abbazia, 1, 39040 Varna (BZ), Italy</subfield>
            <subfield code="u">http://www.abbazianovacella.it/it/ordine-convento.html</subfield>
         </datafield>
      </record>