
      <record>
         <leader>00000nz  a2200169   4500</leader>
         <controlfield tag="001">30001851</controlfield>
         <controlfield tag="003">RISM</controlfield>
         <controlfield tag="005">20160216</controlfield>
         <controlfield tag="008">160216n||az|||||||##########||||||||||||</controlfield>
         <datafield tag="040" ind1=" " ind2=" ">
            <subfield code="a">I-Oc</subfield>
         </datafield>
         <datafield tag="043" ind1=" " ind2=" ">
            <subfield code="c">XA-IT</subfield>
         </datafield>
         <datafield tag="110" ind1="2" ind2=" ">
            <subfield code="a">Nuova Biblioteca pubblica Luigi Fumi</subfield>
            <subfield code="c">Orvieto</subfield>
            <subfield code="g">I-Oc</subfield>
         </datafield>
         <datafield tag="410" ind1="2" ind2=" ">
            <subfield code="a">Biblioteca comunale Luigi Fumi</subfield>
         </datafield>
         <datafield tag="622" ind1=" " ind2=" ">
            <subfield code="e">Nuova Biblioteca pubblica Luigi Fumi, Piazza Febei, 1, 05018 Orvieto (TR), Italy</subfield>
            <subfield code="u">http://goo.gl/ezjqD0</subfield>
         </datafield>
      </record>