
      <record>
         <leader>00000nz  a2200169   4500</leader>
         <controlfield tag="001">30001852</controlfield>
         <controlfield tag="003">RISM</controlfield>
         <controlfield tag="005">20160216</controlfield>
         <controlfield tag="008">160216n||az|||||||##########||||||||||||</controlfield>
         <datafield tag="040" ind1=" " ind2=" ">
            <subfield code="a">I-Od</subfield>
         </datafield>
         <datafield tag="043" ind1=" " ind2=" ">
            <subfield code="c">XA-IT</subfield>
         </datafield>
         <datafield tag="110" ind1="2" ind2=" ">
            <subfield code="a">Biblioteca dell'Opera del Duomo di Orvieto</subfield>
            <subfield code="c">Orvieto</subfield>
            <subfield code="g">I-Od</subfield>
         </datafield>
         <datafield tag="410" ind1="2" ind2=" ">
            <subfield code="a">Archivio della cappella musicale</subfield>
         </datafield>
         <datafield tag="622" ind1=" " ind2=" ">
            <subfield code="e">Biblioteca dell'Opera del Duomo di,  Orvieto, Piazza del Duomo, 26, 05018 Orvieto (TR), Italy</subfield>
            <subfield code="u">http://www.opsm.it/index-2.html</subfield>
         </datafield>
      </record>