
      <record>
         <leader>00000nz  a2200169   4500</leader>
         <controlfield tag="001">30005885</controlfield>
         <controlfield tag="003">RISM</controlfield>
         <controlfield tag="005">20160216</controlfield>
         <controlfield tag="008">160216n||az|||||||##########||||||||||||</controlfield>
         <datafield tag="040" ind1=" " ind2=" ">
            <subfield code="a">I-OM</subfield>
         </datafield>
         <datafield tag="043" ind1=" " ind2=" ">
            <subfield code="c">XA-IT</subfield>
         </datafield>
         <datafield tag="110" ind1="2" ind2=" ">
            <subfield code="a">Biblioteca Vescovile</subfield>
            <subfield code="c">Oppido Mamertina</subfield>
            <subfield code="g">I-OM</subfield>
         </datafield>
         <datafield tag="622" ind1=" " ind2=" ">
            <subfield code="e">Biblioteca Vescovile, Piazza Duomo, 89014 Oppido Mamertina, (RC). Regione Calabria</subfield>
         </datafield>
      </record>