
      <record>
         <leader>00000nz  a2200169   4500</leader>
         <controlfield tag="001">30001853</controlfield>
         <controlfield tag="003">RISM</controlfield>
         <controlfield tag="005">20160216</controlfield>
         <controlfield tag="008">160216n||az|||||||##########||||||||||||</controlfield>
         <datafield tag="040" ind1=" " ind2=" ">
            <subfield code="a">I-OR</subfield>
         </datafield>
         <datafield tag="043" ind1=" " ind2=" ">
            <subfield code="c">XA-IT</subfield>
         </datafield>
         <datafield tag="110" ind1="2" ind2=" ">
            <subfield code="a">Biblioteca del Seminario arcivescovile dell'Immacolata</subfield>
            <subfield code="c">Oristano</subfield>
            <subfield code="g">I-OR</subfield>
         </datafield>
         <datafield tag="622" ind1=" " ind2=" ">
            <subfield code="e">Biblioteca del Seminario arcivescovile,  dell'Immacolata, Piazza Duomo, 3, 09170 Oristano (OR), Italy</subfield>
            <subfield code="u">http://goo.gl/FqSa25</subfield>
         </datafield>
      </record>