
      <record>
         <leader>00000nz  a2200169   4500</leader>
         <controlfield tag="001">30005293</controlfield>
         <controlfield tag="003">RISM</controlfield>
         <controlfield tag="005">20160216</controlfield>
         <controlfield tag="008">160216n||az|||||||##########||||||||||||</controlfield>
         <datafield tag="040" ind1=" " ind2=" ">
            <subfield code="a">I-OREd</subfield>
         </datafield>
         <datafield tag="043" ind1=" " ind2=" ">
            <subfield code="c">XA-IT</subfield>
         </datafield>
         <datafield tag="110" ind1="2" ind2=" ">
            <subfield code="a">Archivio storico diocesano - Sezione distaccata di Orte</subfield>
            <subfield code="c">Orte</subfield>
            <subfield code="g">I-OREd</subfield>
         </datafield>
         <datafield tag="410" ind1="2" ind2=" ">
            <subfield code="a">Archivio capitolare della Cattedrale</subfield>
         </datafield>
         <datafield tag="622" ind1=" " ind2=" ">
            <subfield code="e">Archivio storico diocesano - Sezione,  distaccata di Orte, Via Giulio Roscio, 1, 01028 Orte (VT), Italy</subfield>
         </datafield>
      </record>