
      <record>
         <leader>00000nz  a2200169   4500</leader>
         <controlfield tag="001">30005291</controlfield>
         <controlfield tag="003">RISM</controlfield>
         <controlfield tag="005">20160216</controlfield>
         <controlfield tag="008">160216n||az|||||||##########||||||||||||</controlfield>
         <datafield tag="040" ind1=" " ind2=" ">
            <subfield code="a">I-ORfm</subfield>
         </datafield>
         <datafield tag="043" ind1=" " ind2=" ">
            <subfield code="c">XA-IT</subfield>
         </datafield>
         <datafield tag="110" ind1="2" ind2=" ">
            <subfield code="a">Biblioteca Arborense dei Frati Minori Conventuali (S. Francesco)</subfield>
            <subfield code="c">Oristano</subfield>
            <subfield code="g">I-ORfm</subfield>
         </datafield>
         <datafield tag="622" ind1=" " ind2=" ">
            <subfield code="e">Biblioteca Arborense dei Frati Minori, Conventuali (S. Francesco), Via Duomo 5, I-09025 Oristano (CA)., Regione Sardegna</subfield>
         </datafield>
      </record>