
      <record>
         <leader>00000nz  a2200169   4500</leader>
         <controlfield tag="001">30005886</controlfield>
         <controlfield tag="003">RISM</controlfield>
         <controlfield tag="005">20160216</controlfield>
         <controlfield tag="008">160216n||az|||||||##########||||||||||||</controlfield>
         <datafield tag="040" ind1=" " ind2=" ">
            <subfield code="a">I-ORI</subfield>
         </datafield>
         <datafield tag="043" ind1=" " ind2=" ">
            <subfield code="c">XA-IT</subfield>
         </datafield>
         <datafield tag="110" ind1="2" ind2=" ">
            <subfield code="a">Archivio e Biblioteca Diocesana A. M. Kalefati</subfield>
            <subfield code="c">Oria</subfield>
            <subfield code="g">I-ORI</subfield>
         </datafield>
         <datafield tag="622" ind1=" " ind2=" ">
            <subfield code="e">Archivio e Biblioteca Diocesana A. M., Kalefati, Piazza Cathedrale 2, I-72024 Oria (BR)., Regione Trentino Alto Adige</subfield>
         </datafield>
      </record>