
      <record>
         <leader>00000nz  a2200169   4500</leader>
         <controlfield tag="001">30003097</controlfield>
         <controlfield tag="003">RISM</controlfield>
         <controlfield tag="005">20160216</controlfield>
         <controlfield tag="008">160216n||az|||||||##########||||||||||||</controlfield>
         <datafield tag="040" ind1=" " ind2=" ">
            <subfield code="a">I-ORT</subfield>
         </datafield>
         <datafield tag="043" ind1=" " ind2=" ">
            <subfield code="c">XA-IT</subfield>
         </datafield>
         <datafield tag="110" ind1="2" ind2=" ">
            <subfield code="a">Biblioteca comunale</subfield>
            <subfield code="c">Ortona</subfield>
            <subfield code="g">I-ORT</subfield>
         </datafield>
         <datafield tag="622" ind1=" " ind2=" ">
            <subfield code="e">Biblioteca comunale, Corso Garibaldi Complesso Sant'Anna, 66026 Ortona (CH), Italy</subfield>
            <subfield code="u">http://www.comuneortona.ch.it/sezioni/Biblioteca/</subfield>
         </datafield>
      </record>