
      <record>
         <leader>00000nz  a2200169   4500</leader>
         <controlfield tag="001">30005568</controlfield>
         <controlfield tag="003">RISM</controlfield>
         <controlfield tag="005">20160216</controlfield>
         <controlfield tag="008">160216n||az|||||||##########||||||||||||</controlfield>
         <datafield tag="040" ind1=" " ind2=" ">
            <subfield code="a">I-ORTav</subfield>
         </datafield>
         <datafield tag="043" ind1=" " ind2=" ">
            <subfield code="c">XA-IT</subfield>
         </datafield>
         <datafield tag="110" ind1="2" ind2=" ">
            <subfield code="a">Archivio Vescovile</subfield>
            <subfield code="c">Ortona</subfield>
            <subfield code="g">I-ORTav</subfield>
         </datafield>
         <datafield tag="622" ind1=" " ind2=" ">
            <subfield code="e">Archivio Vescovile, Piazza S. Domenico, I-66026 Ortona, (CH). Regione Abruzzo</subfield>
         </datafield>
      </record>