
      <record>
         <leader>00000nz  a2200169   4500</leader>
         <controlfield tag="001">30000284</controlfield>
         <controlfield tag="003">RISM</controlfield>
         <controlfield tag="005">20160216</controlfield>
         <controlfield tag="008">160216n||az|||||||##########||||||||||||</controlfield>
         <datafield tag="040" ind1=" " ind2=" ">
            <subfield code="a">I-ORTd</subfield>
         </datafield>
         <datafield tag="043" ind1=" " ind2=" ">
            <subfield code="c">XA-IT</subfield>
         </datafield>
         <datafield tag="110" ind1="2" ind2=" ">
            <subfield code="a">Biblioteca diocesana</subfield>
            <subfield code="c">Ortona</subfield>
            <subfield code="g">I-ORTd</subfield>
         </datafield>
         <datafield tag="410" ind1="2" ind2=" ">
            <subfield code="a">Biblioteca capitolare di S. Domenico</subfield>
         </datafield>
         <datafield tag="622" ind1=" " ind2=" ">
            <subfield code="e">Biblioteca diocesana, Largo Riccardi, 66026 Ortona (CH), Italy</subfield>
            <subfield code="u">http://www.comune.ortona.chieti.it/sezioni/Biblioteca/pagine.asp?idn=54</subfield>
         </datafield>
      </record>