
      <record>
         <leader>00000nz  a2200169   4500</leader>
         <controlfield tag="001">30005888</controlfield>
         <controlfield tag="003">RISM</controlfield>
         <controlfield tag="005">20160216</controlfield>
         <controlfield tag="008">160216n||az|||||||##########||||||||||||</controlfield>
         <datafield tag="040" ind1=" " ind2=" ">
            <subfield code="a">I-ORTin</subfield>
         </datafield>
         <datafield tag="043" ind1=" " ind2=" ">
            <subfield code="c">XA-IT</subfield>
         </datafield>
         <datafield tag="110" ind1="2" ind2=" ">
            <subfield code="a">Istituto Nazionale Tostiano, Biblioteca</subfield>
            <subfield code="c">Ortona</subfield>
            <subfield code="g">I-ORTin</subfield>
         </datafield>
         <datafield tag="622" ind1=" " ind2=" ">
            <subfield code="e">Istituto Nazionale Tostiano, Biblioteca, Centro di Studi Musicologici abruzzese,, Pallazzo Corsi, Corso Matteotti, I, -66026 Ortona (CH). Region</subfield>
         </datafield>
      </record>