
      <record>
         <leader>00000nz  a2200169   4500</leader>
         <controlfield tag="001">30003098</controlfield>
         <controlfield tag="003">RISM</controlfield>
         <controlfield tag="005">20160216</controlfield>
         <controlfield tag="008">160216n||az|||||||##########||||||||||||</controlfield>
         <datafield tag="040" ind1=" " ind2=" ">
            <subfield code="a">I-OS</subfield>
         </datafield>
         <datafield tag="043" ind1=" " ind2=" ">
            <subfield code="c">XA-IT</subfield>
         </datafield>
         <datafield tag="110" ind1="2" ind2=" ">
            <subfield code="a">Biblioteca musicale Giuseppe Greggiati</subfield>
            <subfield code="c">Ostiglia</subfield>
            <subfield code="g">I-OS</subfield>
         </datafield>
         <datafield tag="622" ind1=" " ind2=" ">
            <subfield code="e">Biblioteca musicale Giuseppe Greggiati, Piazza Cornelio Nepote, 2, 46035 Ostiglia (MN), Italy</subfield>
            <subfield code="u">http://www.bibliotecagreggiati.com/</subfield>
         </datafield>
      </record>