
      <record>
         <leader>00000nz  a2200169   4500</leader>
         <controlfield tag="001">30005887</controlfield>
         <controlfield tag="003">RISM</controlfield>
         <controlfield tag="005">20160216</controlfield>
         <controlfield tag="008">160216n||az|||||||##########||||||||||||</controlfield>
         <datafield tag="040" ind1=" " ind2=" ">
            <subfield code="a">I-OSGsg</subfield>
         </datafield>
         <datafield tag="043" ind1=" " ind2=" ">
            <subfield code="c">XA-IT</subfield>
         </datafield>
         <datafield tag="110" ind1="2" ind2=" ">
            <subfield code="a">Archivio della Basilica di S. Giulio</subfield>
            <subfield code="c">Orta S. Giulio</subfield>
            <subfield code="g">I-OSGsg</subfield>
         </datafield>
         <datafield tag="622" ind1=" " ind2=" ">
            <subfield code="e">Archivio della Basilica di S. Giulio, Via Albertoletti 41, I-28016 Orta S., Giulio (NO). Regione Piemonte</subfield>
         </datafield>
      </record>