
      <record>
         <leader>00000nz  a2200169   4500</leader>
         <controlfield tag="001">30003491</controlfield>
         <controlfield tag="003">RISM</controlfield>
         <controlfield tag="005">20160216</controlfield>
         <controlfield tag="008">160216n||az|||||||##########||||||||||||</controlfield>
         <datafield tag="040" ind1=" " ind2=" ">
            <subfield code="a">I-OSI</subfield>
         </datafield>
         <datafield tag="043" ind1=" " ind2=" ">
            <subfield code="c">XA-IT</subfield>
         </datafield>
         <datafield tag="110" ind1="2" ind2=" ">
            <subfield code="a">Biblioteca Comunale Francesco Cini</subfield>
            <subfield code="c">Osimo</subfield>
            <subfield code="g">I-OSI</subfield>
         </datafield>
         <datafield tag="410" ind1="2" ind2=" ">
            <subfield code="a">Biblioteca Comunale</subfield>
         </datafield>
         <datafield tag="622" ind1=" " ind2=" ">
            <subfield code="e">Biblioteca Comunale Francesco Cini, Via Federico e Muzio Campana 15, I, -60027 Osimo (AN). Regione Marche</subfield>
         </datafield>
      </record>