
      <record>
         <leader>00000nz  a2200169   4500</leader>
         <controlfield tag="001">30005294</controlfield>
         <controlfield tag="003">RISM</controlfield>
         <controlfield tag="005">20160216</controlfield>
         <controlfield tag="008">160216n||az|||||||##########||||||||||||</controlfield>
         <datafield tag="040" ind1=" " ind2=" ">
            <subfield code="a">I-OSId</subfield>
         </datafield>
         <datafield tag="043" ind1=" " ind2=" ">
            <subfield code="c">XA-IT</subfield>
         </datafield>
         <datafield tag="110" ind1="2" ind2=" ">
            <subfield code="a">Capitolo della Cattedrale, Biblioteca Diocesana</subfield>
            <subfield code="c">Osimo</subfield>
            <subfield code="g">I-OSId</subfield>
         </datafield>
         <datafield tag="410" ind1="2" ind2=" ">
            <subfield code="a">Chiesa già Cattedrale, Archivio</subfield>
         </datafield>
         <datafield tag="410" ind1="2" ind2=" ">
            <subfield code="a">Biblioteca Diocesana</subfield>
         </datafield>
         <datafield tag="622" ind1=" " ind2=" ">
            <subfield code="e">Capitolo della Cattedrale, Biblioteca, Diocesana, Piazza Episcopio 3, I-60027 Osimo (AN)., Regione Marche</subfield>
         </datafield>
      </record>