
      <record>
         <leader>00000nz  a2200169   4500</leader>
         <controlfield tag="001">30004865</controlfield>
         <controlfield tag="003">RISM</controlfield>
         <controlfield tag="005">20160216</controlfield>
         <controlfield tag="008">160216n||az|||||||##########||||||||||||</controlfield>
         <datafield tag="040" ind1=" " ind2=" ">
            <subfield code="a">I-OSTc</subfield>
         </datafield>
         <datafield tag="043" ind1=" " ind2=" ">
            <subfield code="c">XA-IT</subfield>
         </datafield>
         <datafield tag="110" ind1="2" ind2=" ">
            <subfield code="a">Biblioteca Comunale Francesco Trinchera Seniore</subfield>
            <subfield code="c">Ostuni</subfield>
            <subfield code="g">I-OSTc</subfield>
         </datafield>
         <datafield tag="622" ind1=" " ind2=" ">
            <subfield code="e">Biblioteca Comunale Francesco Trinchera, Seniore, Piazza della Libertà 1, I-72017 Ostuni, (BR). Regione Puglia</subfield>
         </datafield>
      </record>