
      <record>
         <leader>00000nz  a2200169   4500</leader>
         <controlfield tag="001">30005607</controlfield>
         <controlfield tag="003">RISM</controlfield>
         <controlfield tag="005">20160216</controlfield>
         <controlfield tag="008">160216n||az|||||||##########||||||||||||</controlfield>
         <datafield tag="040" ind1=" " ind2=" ">
            <subfield code="a">I-OTIc</subfield>
         </datafield>
         <datafield tag="043" ind1=" " ind2=" ">
            <subfield code="c">XA-IT</subfield>
         </datafield>
         <datafield tag="110" ind1="2" ind2=" ">
            <subfield code="a">Chiesa Collegiata (ex Cattedrale di B. Maria Assunta)</subfield>
            <subfield code="c">Otricoli</subfield>
            <subfield code="g">I-OTIc</subfield>
         </datafield>
         <datafield tag="622" ind1=" " ind2=" ">
            <subfield code="e">Chiesa Collegiata (ex Cattedrale di B., Maria Assunta), I-05030 Otricoli (TR)</subfield>
         </datafield>
      </record>