
      <record>
         <leader>00000nz  a2200169   4500</leader>
         <controlfield tag="001">30003100</controlfield>
         <controlfield tag="003">RISM</controlfield>
         <controlfield tag="005">20160216</controlfield>
         <controlfield tag="008">160216n||az|||||||##########||||||||||||</controlfield>
         <datafield tag="040" ind1=" " ind2=" ">
            <subfield code="a">I-PAac</subfield>
         </datafield>
         <datafield tag="043" ind1=" " ind2=" ">
            <subfield code="c">XA-IT</subfield>
         </datafield>
         <datafield tag="110" ind1="2" ind2=" ">
            <subfield code="a">Archivio capitolare del Duomo con Archivio della Fabbriceria</subfield>
            <subfield code="c">Parma</subfield>
            <subfield code="g">I-PAac</subfield>
         </datafield>
         <datafield tag="622" ind1=" " ind2=" ">
            <subfield code="e">Archivio capitolare del Duomo con,  Archivio della Fabbriceria, Piazza Duomo, 7, 43121 Parma (PR), Italy</subfield>
         </datafield>
      </record>