
      <record>
         <leader>00000nz  a2200169   4500</leader>
         <controlfield tag="001">30001861</controlfield>
         <controlfield tag="003">RISM</controlfield>
         <controlfield tag="005">20160216</controlfield>
         <controlfield tag="008">160216n||az|||||||##########||||||||||||</controlfield>
         <datafield tag="040" ind1=" " ind2=" ">
            <subfield code="a">I-PAc</subfield>
         </datafield>
         <datafield tag="043" ind1=" " ind2=" ">
            <subfield code="c">XA-IT</subfield>
         </datafield>
         <datafield tag="110" ind1="2" ind2=" ">
            <subfield code="a">Sezione musicale della Biblioteca Palatina</subfield>
            <subfield code="c">Parma</subfield>
            <subfield code="g">I-PAc</subfield>
         </datafield>
         <datafield tag="622" ind1=" " ind2=" ">
            <subfield code="e">Sezione musicale della Biblioteca,  Palatina, Via del Conservatorio, 27, 43121 Parma (PR), Italy</subfield>
            <subfield code="u">http://www.bibpal.unipr.it/index.php?it/211/missione</subfield>
         </datafield>
      </record>