
      <record>
         <leader>00000nz  a2200169   4500</leader>
         <controlfield tag="001">30006161</controlfield>
         <controlfield tag="003">RISM</controlfield>
         <controlfield tag="005">20160216</controlfield>
         <controlfield tag="008">160216n||az|||||||##########||||||||||||</controlfield>
         <datafield tag="040" ind1=" " ind2=" ">
            <subfield code="a">I-PAcsf</subfield>
         </datafield>
         <datafield tag="043" ind1=" " ind2=" ">
            <subfield code="c">XA-IT</subfield>
         </datafield>
         <datafield tag="110" ind1="2" ind2=" ">
            <subfield code="a">Centro Storico Francescano</subfield>
            <subfield code="c">Parma</subfield>
            <subfield code="g">I-PAcsf</subfield>
         </datafield>
         <datafield tag="622" ind1=" " ind2=" ">
            <subfield code="e">Centro Storico Francescano, I-Parma</subfield>
         </datafield>
      </record>