
      <record>
         <leader>00000nz  a2200169   4500</leader>
         <controlfield tag="001">30001862</controlfield>
         <controlfield tag="003">RISM</controlfield>
         <controlfield tag="005">20160216</controlfield>
         <controlfield tag="008">160216n||az|||||||##########||||||||||||</controlfield>
         <datafield tag="040" ind1=" " ind2=" ">
            <subfield code="a">I-PAL</subfield>
         </datafield>
         <datafield tag="043" ind1=" " ind2=" ">
            <subfield code="c">XA-IT</subfield>
         </datafield>
         <datafield tag="110" ind1="2" ind2=" ">
            <subfield code="a">Biblioteca di Palestrina Fantoniana</subfield>
            <subfield code="c">Palestrina</subfield>
            <subfield code="g">I-PAL</subfield>
         </datafield>
         <datafield tag="410" ind1="2" ind2=" ">
            <subfield code="a">Biblioteca comunale Fantoniana</subfield>
         </datafield>
         <datafield tag="622" ind1=" " ind2=" ">
            <subfield code="e">Biblioteca di Palestrina Fantoniana, Piazza del Carmine, 1, 00036 Palestrina (RM), Italy</subfield>
            <subfield code="u">http://www.bibliotecheprenestine.it/it/biblioteche/palestrina/</subfield>
         </datafield>
      </record>