
      <record>
         <leader>00000nz  a2200169   4500</leader>
         <controlfield tag="001">30005309</controlfield>
         <controlfield tag="003">RISM</controlfield>
         <controlfield tag="005">20160216</controlfield>
         <controlfield tag="008">160216n||az|||||||##########||||||||||||</controlfield>
         <datafield tag="040" ind1=" " ind2=" ">
            <subfield code="a">I-PALcv</subfield>
         </datafield>
         <datafield tag="043" ind1=" " ind2=" ">
            <subfield code="c">XA-IT</subfield>
         </datafield>
         <datafield tag="110" ind1="2" ind2=" ">
            <subfield code="a">Archivio della Curia vescovile</subfield>
            <subfield code="c">Palestrina</subfield>
            <subfield code="g">I-PALcv</subfield>
         </datafield>
         <datafield tag="622" ind1=" " ind2=" ">
            <subfield code="e">Archivio della Curia vescovile, Piazza Gregorio Pantanelli, 8, 00036 Palestrina (RM), Italy</subfield>
         </datafield>
      </record>