
      <record>
         <leader>00000nz  a2200169   4500</leader>
         <controlfield tag="001">30005308</controlfield>
         <controlfield tag="003">RISM</controlfield>
         <controlfield tag="005">20160216</controlfield>
         <controlfield tag="008">160216n||az|||||||##########||||||||||||</controlfield>
         <datafield tag="040" ind1=" " ind2=" ">
            <subfield code="a">I-PALd</subfield>
         </datafield>
         <datafield tag="043" ind1=" " ind2=" ">
            <subfield code="c">XA-IT</subfield>
         </datafield>
         <datafield tag="110" ind1="2" ind2=" ">
            <subfield code="a">Archivio capitolare della Cattedrale di S. Agapito e Archivio storico diocesano</subfield>
            <subfield code="c">Palestrina</subfield>
            <subfield code="g">I-PALd</subfield>
         </datafield>
         <datafield tag="622" ind1=" " ind2=" ">
            <subfield code="e">Archivio capitolare della Cattedrale di,  S. Agapito e Archivio storico diocesano, Via Regina Margherita, 00036 Palestrina (RM), Italy</subfield>
         </datafield>
      </record>