
      <record>
         <leader>00000nz  a2200169   4500</leader>
         <controlfield tag="001">30005310</controlfield>
         <controlfield tag="003">RISM</controlfield>
         <controlfield tag="005">20160216</controlfield>
         <controlfield tag="008">160216n||az|||||||##########||||||||||||</controlfield>
         <datafield tag="040" ind1=" " ind2=" ">
            <subfield code="a">I-PALfp</subfield>
         </datafield>
         <datafield tag="043" ind1=" " ind2=" ">
            <subfield code="c">XA-IT</subfield>
         </datafield>
         <datafield tag="110" ind1="2" ind2=" ">
            <subfield code="a">Biblioteca della Fondazione Giovanni Pierluigi da Palestrina</subfield>
            <subfield code="c">Palestrina</subfield>
            <subfield code="g">I-PALfp</subfield>
         </datafield>
         <datafield tag="622" ind1=" " ind2=" ">
            <subfield code="e">Biblioteca della Fondazione Giovanni,  Pierluigi da Palestrina, Casa Natale di Palestrina, Vicolo Pierluigi, 3, 00036 Palestrina (RM), Italy</subfield>
         </datafield>
      </record>