
      <record>
         <leader>00000nz  a2200169   4500</leader>
         <controlfield tag="001">30004874</controlfield>
         <controlfield tag="003">RISM</controlfield>
         <controlfield tag="005">20160216</controlfield>
         <controlfield tag="008">160216n||az|||||||##########||||||||||||</controlfield>
         <datafield tag="040" ind1=" " ind2=" ">
            <subfield code="a">I-PAMa</subfield>
         </datafield>
         <datafield tag="043" ind1=" " ind2=" ">
            <subfield code="c">XA-IT</subfield>
         </datafield>
         <datafield tag="110" ind1="2" ind2=" ">
            <subfield code="a">Museo dell'Abbazia di S. Vito (Ordine di San Benedettino)</subfield>
            <subfield code="c">Polignano a Mare</subfield>
            <subfield code="g">I-PAMa</subfield>
         </datafield>
         <datafield tag="410" ind1="2" ind2=" ">
            <subfield code="a">Museo dell'Abbazia di S. Vito (Benedettini)</subfield>
         </datafield>
         <datafield tag="622" ind1=" " ind2=" ">
            <subfield code="e">Museo dell'Abbazia di S. Vito (Ordine, di San Benedettino), Piazza Vittorio Emanuele, I-70044, Polignano a Mare (BA). Regione Puglia</subfield>
         </datafield>
      </record>