
      <record>
         <leader>00000nz  a2200169   4500</leader>
         <controlfield tag="001">30005927</controlfield>
         <controlfield tag="003">RISM</controlfield>
         <controlfield tag="005">20160216</controlfield>
         <controlfield tag="008">160216n||az|||||||##########||||||||||||</controlfield>
         <datafield tag="040" ind1=" " ind2=" ">
            <subfield code="a">I-PANd</subfield>
         </datafield>
         <datafield tag="043" ind1=" " ind2=" ">
            <subfield code="c">XA-IT</subfield>
         </datafield>
         <datafield tag="110" ind1="2" ind2=" ">
            <subfield code="a">Archivio musicale del Duomo</subfield>
            <subfield code="c">Palmanova</subfield>
            <subfield code="g">I-PANd</subfield>
         </datafield>
         <datafield tag="622" ind1=" " ind2=" ">
            <subfield code="e">Archivio musicale del Duomo, Piazza Grande, 17, 33057 Palmanova (UD), Italy</subfield>
         </datafield>
      </record>