
      <record>
         <leader>00000nz  a2200169   4500</leader>
         <controlfield tag="001">30004873</controlfield>
         <controlfield tag="003">RISM</controlfield>
         <controlfield tag="005">20160216</controlfield>
         <controlfield tag="008">160216n||az|||||||##########||||||||||||</controlfield>
         <datafield tag="040" ind1=" " ind2=" ">
            <subfield code="a">I-PAOsf</subfield>
         </datafield>
         <datafield tag="043" ind1=" " ind2=" ">
            <subfield code="c">XA-IT</subfield>
         </datafield>
         <datafield tag="110" ind1="2" ind2=" ">
            <subfield code="a">Santuario di S. Francesco, Biblioteca Charitas</subfield>
            <subfield code="c">Paola</subfield>
            <subfield code="g">I-PAOsf</subfield>
         </datafield>
         <datafield tag="622" ind1=" " ind2=" ">
            <subfield code="e">Santuario di S. Francesco, Biblioteca, Charitas, Via Santuario (Via Basilica S., Francesco ?), I-87027 Paola (CS)., Regione Calabria</subfield>
         </datafield>
      </record>