
      <record>
         <leader>00000nz  a2200169   4500</leader>
         <controlfield tag="001">30003493</controlfield>
         <controlfield tag="003">RISM</controlfield>
         <controlfield tag="005">20160216</controlfield>
         <controlfield tag="008">160216n||az|||||||##########||||||||||||</controlfield>
         <datafield tag="040" ind1=" " ind2=" ">
            <subfield code="a">I-PAsg</subfield>
         </datafield>
         <datafield tag="043" ind1=" " ind2=" ">
            <subfield code="c">XA-IT</subfield>
         </datafield>
         <datafield tag="110" ind1="2" ind2=" ">
            <subfield code="a">S. Giovanni Evangelista, Biblioteca Monastica Benedettina</subfield>
            <subfield code="c">Parma</subfield>
            <subfield code="g">I-PAsg</subfield>
         </datafield>
         <datafield tag="410" ind1="2" ind2=" ">
            <subfield code="a">Biblioteca Monastica dei Padri Benedettini</subfield>
         </datafield>
         <datafield tag="410" ind1="2" ind2=" ">
            <subfield code="a">Biblioteca Monastica dei PP. Benedittini di San Giovanno Evangelista</subfield>
         </datafield>
         <datafield tag="622" ind1=" " ind2=" ">
            <subfield code="e">S. Giovanni Evangelista, Biblioteca, Monastica Benedettina, Piazzale S. Giovanni 1, I-43100 Parma., Regione Emilia Romagna</subfield>
         </datafield>
      </record>