
      <record>
         <leader>00000nz  a2200169   4500</leader>
         <controlfield tag="001">30004869</controlfield>
         <controlfield tag="003">RISM</controlfield>
         <controlfield tag="005">20160216</controlfield>
         <controlfield tag="008">160216n||az|||||||##########||||||||||||</controlfield>
         <datafield tag="040" ind1=" " ind2=" ">
            <subfield code="a">I-PAsp</subfield>
         </datafield>
         <datafield tag="043" ind1=" " ind2=" ">
            <subfield code="c">XA-IT</subfield>
         </datafield>
         <datafield tag="110" ind1="2" ind2=" ">
            <subfield code="a">Deputazione di Storia Patria delle Province Parmensi, Biblioteca</subfield>
            <subfield code="c">Parma</subfield>
            <subfield code="g">I-PAsp</subfield>
         </datafield>
         <datafield tag="622" ind1=" " ind2=" ">
            <subfield code="e">Deputazione di Storia Patria delle, Province Parmensi, Biblioteca, Borgo Schizzati, I-34100 Parma. Regione, Emilia Romagna</subfield>
         </datafield>
      </record>