
      <record>
         <leader>00000nz  a2200169   4500</leader>
         <controlfield tag="001">30003102</controlfield>
         <controlfield tag="003">RISM</controlfield>
         <controlfield tag="005">20160216</controlfield>
         <controlfield tag="008">160216n||az|||||||##########||||||||||||</controlfield>
         <datafield tag="040" ind1=" " ind2=" ">
            <subfield code="a">I-PAst</subfield>
         </datafield>
         <datafield tag="043" ind1=" " ind2=" ">
            <subfield code="c">XA-IT</subfield>
         </datafield>
         <datafield tag="110" ind1="2" ind2=" ">
            <subfield code="a">Biblioteca dell'Ordine Costantiniano di S. Giorgio</subfield>
            <subfield code="c">Parma</subfield>
            <subfield code="g">I-PAst</subfield>
         </datafield>
         <datafield tag="410" ind1="2" ind2=" ">
            <subfield code="a">Archivio Madonna della Steccata</subfield>
         </datafield>
         <datafield tag="622" ind1=" " ind2=" ">
            <subfield code="e">Biblioteca dell'Ordine Costantiniano di,  S. Giorgio, Piazza della Steccata, 1, 43121 Parma (PR), Italy</subfield>
         </datafield>
      </record>