
      <record>
         <leader>00000nz  a2200169   4500</leader>
         <controlfield tag="001">30005313</controlfield>
         <controlfield tag="003">RISM</controlfield>
         <controlfield tag="005">20160216</controlfield>
         <controlfield tag="008">160216n||az|||||||##########||||||||||||</controlfield>
         <datafield tag="040" ind1=" " ind2=" ">
            <subfield code="a">I-PAtr</subfield>
         </datafield>
         <datafield tag="043" ind1=" " ind2=" ">
            <subfield code="c">XA-IT</subfield>
         </datafield>
         <datafield tag="110" ind1="2" ind2=" ">
            <subfield code="a">Teatro Regio, Archivio Musicale</subfield>
            <subfield code="c">Parma</subfield>
            <subfield code="g">I-PAtr</subfield>
         </datafield>
         <datafield tag="622" ind1=" " ind2=" ">
            <subfield code="e">Teatro Regio, Archivio Musicale, Piazza Garibaldi, I-43100 Parma., Regione Emilia Romagna</subfield>
         </datafield>
      </record>