
      <record>
         <leader>00000nz  a2200169   4500</leader>
         <controlfield tag="001">30004870</controlfield>
         <controlfield tag="003">RISM</controlfield>
         <controlfield tag="005">20160216</controlfield>
         <controlfield tag="008">160216n||az|||||||##########||||||||||||</controlfield>
         <datafield tag="040" ind1=" " ind2=" ">
            <subfield code="a">I-PAu</subfield>
         </datafield>
         <datafield tag="043" ind1=" " ind2=" ">
            <subfield code="c">XA-IT</subfield>
         </datafield>
         <datafield tag="110" ind1="2" ind2=" ">
            <subfield code="a">Università degli Studi di Parma, Facoltà di Magistero, Istituto di Musicologia, Biblioteca</subfield>
            <subfield code="c">Parma</subfield>
            <subfield code="g">I-PAu</subfield>
         </datafield>
         <datafield tag="410" ind1="2" ind2=" ">
            <subfield code="a">Università degli Studi di Parma, Istituto di Musicologia, Biblioteca</subfield>
         </datafield>
         <datafield tag="622" ind1=" " ind2=" ">
            <subfield code="e">Università degli Studi di Parma,, Facoltà di Magistero, Istituto di, Musicologia, Biblioteca, Via Cavour 28, I-43100 Parma. Regione, Emilia Romagna</subfield>
         </datafield>
      </record>