
      <record>
         <leader>00000nz  a2200169   4500</leader>
         <controlfield tag="001">30078878</controlfield>
         <controlfield tag="003">RISM</controlfield>
         <controlfield tag="005">20160216</controlfield>
         <controlfield tag="008">160216n||az|||||||##########||||||||||||</controlfield>
         <datafield tag="040" ind1=" " ind2=" ">
            <subfield code="a">I-PAVasd</subfield>
         </datafield>
         <datafield tag="043" ind1=" " ind2=" ">
            <subfield code="c">IT</subfield>
         </datafield>
         <datafield tag="110" ind1="2" ind2=" ">
            <subfield code="a">Archivio Storico Diocesano</subfield>
            <subfield code="c">Pavia</subfield>
            <subfield code="g">I-PAVasd</subfield>
         </datafield>
         <datafield tag="622" ind1=" " ind2=" ">
            <subfield code="e">Archivio Storico Diocesano, Piazza Duomo, 11, 27100 Pavia, Italy</subfield>
            <subfield code="u">http://www.diocesi.pavia.it/pavia/curia_vescovile/00022378_Archivio_storico.html</subfield>
         </datafield>
      </record>