
      <record>
         <leader>00000nz  a2200169   4500</leader>
         <controlfield tag="001">30003105</controlfield>
         <controlfield tag="003">RISM</controlfield>
         <controlfield tag="005">20160216</controlfield>
         <controlfield tag="008">160216n||az|||||||##########||||||||||||</controlfield>
         <datafield tag="040" ind1=" " ind2=" ">
            <subfield code="a">I-PAVsm</subfield>
         </datafield>
         <datafield tag="043" ind1=" " ind2=" ">
            <subfield code="c">XA-IT</subfield>
         </datafield>
         <datafield tag="110" ind1="2" ind2=" ">
            <subfield code="a">Archivio della Basilica di S. Michele maggiore</subfield>
            <subfield code="c">Pavia</subfield>
            <subfield code="g">I-PAVsm</subfield>
         </datafield>
         <datafield tag="622" ind1=" " ind2=" ">
            <subfield code="e">Archivio della Basilica di S. Michele,  maggiore, Piazzetta Azzani, 1, 27100 Pavia (PV), Italy</subfield>
         </datafield>
      </record>