
      <record>
         <leader>00000nz  a2200169   4500</leader>
         <controlfield tag="001">30003106</controlfield>
         <controlfield tag="003">RISM</controlfield>
         <controlfield tag="005">20160216</controlfield>
         <controlfield tag="008">160216n||az|||||||##########||||||||||||</controlfield>
         <datafield tag="040" ind1=" " ind2=" ">
            <subfield code="a">I-PAVsp</subfield>
         </datafield>
         <datafield tag="043" ind1=" " ind2=" ">
            <subfield code="c">XA-IT</subfield>
         </datafield>
         <datafield tag="110" ind1="2" ind2=" ">
            <subfield code="a">Biblioteca del Centro Studi Agostiniani “Benedetto XVI”</subfield>
            <subfield code="c">Pavia</subfield>
            <subfield code="g">I-PAVsp</subfield>
         </datafield>
         <datafield tag="410" ind1="2" ind2=" ">
            <subfield code="a">Biblioteca del Centro studi agostiniani S.Pietro in Ciel d'Oro</subfield>
         </datafield>
         <datafield tag="622" ind1=" " ind2=" ">
            <subfield code="e">Biblioteca del Centro Studi Agostiniani,  “Benedetto XVI”, Piazza S. Pietro in Ciel d'Oro, 2, 27100 Pavia (PV), Italy</subfield>
            <subfield code="u">https://santagostinopavia.wordpress.com/il-centro-culturale/la-biblioteca/</subfield>
         </datafield>
      </record>