
      <record>
         <leader>00000nz  a2200169   4500</leader>
         <controlfield tag="001">30001864</controlfield>
         <controlfield tag="003">RISM</controlfield>
         <controlfield tag="005">20160216</controlfield>
         <controlfield tag="008">160216n||az|||||||##########||||||||||||</controlfield>
         <datafield tag="040" ind1=" " ind2=" ">
            <subfield code="a">I-PAVu</subfield>
         </datafield>
         <datafield tag="043" ind1=" " ind2=" ">
            <subfield code="c">XA-IT</subfield>
         </datafield>
         <datafield tag="110" ind1="2" ind2=" ">
            <subfield code="a">Biblioteca Universitaria</subfield>
            <subfield code="c">Pavia</subfield>
            <subfield code="g">I-PAVu</subfield>
         </datafield>
         <datafield tag="622" ind1=" " ind2=" ">
            <subfield code="e">Biblioteca Universitaria, Strada Nuova, 65, 27100 Pavia (PV), Italy</subfield>
            <subfield code="u">http://www.bibliotecauniversitariapavia.it/bu/index.php</subfield>
         </datafield>
      </record>