
      <record>
         <leader>00000nz  a2200169   4500</leader>
         <controlfield tag="001">30001856</controlfield>
         <controlfield tag="003">RISM</controlfield>
         <controlfield tag="005">20160216</controlfield>
         <controlfield tag="008">160216n||az|||||||##########||||||||||||</controlfield>
         <datafield tag="040" ind1=" " ind2=" ">
            <subfield code="a">I-Pc</subfield>
         </datafield>
         <datafield tag="043" ind1=" " ind2=" ">
            <subfield code="c">XA-IT</subfield>
         </datafield>
         <datafield tag="110" ind1="2" ind2=" ">
            <subfield code="a">Biblioteca capitolare nella Curia vescovile</subfield>
            <subfield code="c">Padova</subfield>
            <subfield code="g">I-Pc</subfield>
         </datafield>
         <datafield tag="622" ind1=" " ind2=" ">
            <subfield code="e">Biblioteca capitolare nella Curia,  vescovile, Via Dietro Duomo, 15, 35139 Padova (PD), Italy</subfield>
         </datafield>
      </record>