
      <record>
         <leader>00000nz  a2200169   4500</leader>
         <controlfield tag="001">30000218</controlfield>
         <controlfield tag="003">RISM</controlfield>
         <controlfield tag="005">20160216</controlfield>
         <controlfield tag="008">160216n||az|||||||##########||||||||||||</controlfield>
         <datafield tag="040" ind1=" " ind2=" ">
            <subfield code="a">I-Pca</subfield>
         </datafield>
         <datafield tag="043" ind1=" " ind2=" ">
            <subfield code="c">XA-IT</subfield>
         </datafield>
         <datafield tag="110" ind1="2" ind2=" ">
            <subfield code="a">Biblioteca Antoniana con Archivio musicale</subfield>
            <subfield code="c">Padova</subfield>
            <subfield code="g">I-Pca</subfield>
         </datafield>
         <datafield tag="410" ind1="2" ind2=" ">
            <subfield code="a">Archivio della Cappella Antoniana</subfield>
         </datafield>
         <datafield tag="410" ind1="2" ind2=" ">
            <subfield code="a">Archivio musicale privata della Veneranda Arca del Santo (Biblioteca Antoniana)</subfield>
         </datafield>
         <datafield tag="622" ind1=" " ind2=" ">
            <subfield code="e">Biblioteca Antoniana con Archivio,  musicale, Piazza del Santo, 6, 35100 Padova (PD), Italy</subfield>
            <subfield code="u">http://biblioteca.antoniana.net/</subfield>
         </datafield>
      </record>