
      <record>
         <leader>00000nz  a2200169   4500</leader>
         <controlfield tag="001">30001868</controlfield>
         <controlfield tag="003">RISM</controlfield>
         <controlfield tag="005">20160216</controlfield>
         <controlfield tag="008">160216n||az|||||||##########||||||||||||</controlfield>
         <datafield tag="040" ind1=" " ind2=" ">
            <subfield code="a">I-PCd</subfield>
         </datafield>
         <datafield tag="043" ind1=" " ind2=" ">
            <subfield code="c">XA-IT</subfield>
         </datafield>
         <datafield tag="110" ind1="2" ind2=" ">
            <subfield code="a">Biblioteca e Archivio capitolare del Duomo</subfield>
            <subfield code="c">Piacenza</subfield>
            <subfield code="g">I-PCd</subfield>
         </datafield>
         <datafield tag="622" ind1=" " ind2=" ">
            <subfield code="e">Biblioteca e Archivio capitolare del,  Duomo, Piazza del Duomo, 33, 29121 Piacenza (PC), Italy</subfield>
         </datafield>
      </record>