
      <record>
         <leader>00000nz  a2200169   4500</leader>
         <controlfield tag="001">30004879</controlfield>
         <controlfield tag="003">RISM</controlfield>
         <controlfield tag="005">20160216</controlfield>
         <controlfield tag="008">160216n||az|||||||##########||||||||||||</controlfield>
         <datafield tag="040" ind1=" " ind2=" ">
            <subfield code="a">I-PCis</subfield>
         </datafield>
         <datafield tag="043" ind1=" " ind2=" ">
            <subfield code="c">XA-IT</subfield>
         </datafield>
         <datafield tag="110" ind1="2" ind2=" ">
            <subfield code="a">Istituto dei Missionari Scalabriniani, Biblioteca</subfield>
            <subfield code="c">Piacenza</subfield>
            <subfield code="g">I-PCis</subfield>
         </datafield>
         <datafield tag="410" ind1="2" ind2=" ">
            <subfield code="a">Biblioteca della Congregazione dei Missionari di S. Carlo Borromero (Scalabriniani)</subfield>
         </datafield>
         <datafield tag="622" ind1=" " ind2=" ">
            <subfield code="e">Istituto dei Missionari Scalabriniani,, Biblioteca, Via Torta 14, I-29100 Piacenza. Regione, Emilia Romagna</subfield>
         </datafield>
      </record>