
      <record>
         <leader>00000nz  a2200169   4500</leader>
         <controlfield tag="001">30003496</controlfield>
         <controlfield tag="003">RISM</controlfield>
         <controlfield tag="005">20160216</controlfield>
         <controlfield tag="008">160216n||az|||||||##########||||||||||||</controlfield>
         <datafield tag="040" ind1=" " ind2=" ">
            <subfield code="a">I-PCsa</subfield>
         </datafield>
         <datafield tag="043" ind1=" " ind2=" ">
            <subfield code="c">XA-IT</subfield>
         </datafield>
         <datafield tag="110" ind1="2" ind2=" ">
            <subfield code="a">Basilica di S. Antonino, Biblioteca e Archivio Capitolari</subfield>
            <subfield code="c">Piacenza</subfield>
            <subfield code="g">I-PCsa</subfield>
         </datafield>
         <datafield tag="622" ind1=" " ind2=" ">
            <subfield code="e">Basilica di S. Antonino, Biblioteca e, Archivio Capitolari, Via Chiostri S. Antonino 6, I-29100, Piacenza. Regione Emilia Romagna</subfield>
         </datafield>
      </record>