
      <record>
         <leader>00000nz  a2200169   4500</leader>
         <controlfield tag="001">30005329</controlfield>
         <controlfield tag="003">RISM</controlfield>
         <controlfield tag="005">20160216</controlfield>
         <controlfield tag="008">160216n||az|||||||##########||||||||||||</controlfield>
         <datafield tag="040" ind1=" " ind2=" ">
            <subfield code="a">I-PCt</subfield>
         </datafield>
         <datafield tag="043" ind1=" " ind2=" ">
            <subfield code="c">XA-IT</subfield>
         </datafield>
         <datafield tag="110" ind1="2" ind2=" ">
            <subfield code="a">Teatro Municipale, Archivio Musicale</subfield>
            <subfield code="c">Piacenza</subfield>
            <subfield code="g">I-PCt</subfield>
         </datafield>
         <datafield tag="622" ind1=" " ind2=" ">
            <subfield code="e">Teatro Municipale, Archivio Musicale, Via Verdi 41, I-29100 Piacenza. Regione, Emilia Romagna</subfield>
         </datafield>
      </record>