
      <record>
         <leader>00000nz  a2200169   4500</leader>
         <controlfield tag="001">30001872</controlfield>
         <controlfield tag="003">RISM</controlfield>
         <controlfield tag="005">20160216</controlfield>
         <controlfield tag="008">160216n||az|||||||##########||||||||||||</controlfield>
         <datafield tag="040" ind1=" " ind2=" ">
            <subfield code="a">I-PEA</subfield>
         </datafield>
         <datafield tag="043" ind1=" " ind2=" ">
            <subfield code="c">XA-IT</subfield>
         </datafield>
         <datafield tag="110" ind1="2" ind2=" ">
            <subfield code="a">Biblioteca Comunale Carlo Magnani</subfield>
            <subfield code="c">Pescia</subfield>
            <subfield code="g">I-PEA</subfield>
         </datafield>
         <datafield tag="622" ind1=" " ind2=" ">
            <subfield code="e">Biblioteca Comunale Carlo Magnani, Piazza S. Stefano 1 (piazza Mazzini 1, ?), I-51017 Pescia (PT). Regione Toscana</subfield>
         </datafield>
      </record>