
      <record>
         <leader>00000nz  a2200169   4500</leader>
         <controlfield tag="001">30005894</controlfield>
         <controlfield tag="003">RISM</controlfield>
         <controlfield tag="005">20160216</controlfield>
         <controlfield tag="008">160216n||az|||||||##########||||||||||||</controlfield>
         <datafield tag="040" ind1=" " ind2=" ">
            <subfield code="a">I-PEAcap</subfield>
         </datafield>
         <datafield tag="043" ind1=" " ind2=" ">
            <subfield code="c">XA-IT</subfield>
         </datafield>
         <datafield tag="110" ind1="2" ind2=" ">
            <subfield code="a">Cattedrale, Biblioteca Capitolare</subfield>
            <subfield code="c">Pescia</subfield>
            <subfield code="g">I-PEAcap</subfield>
         </datafield>
         <datafield tag="622" ind1=" " ind2=" ">
            <subfield code="e">Cattedrale, Biblioteca Capitolare, Via della Cattedrale 1, I-51017 Pescia, (PT). Regione Toscana</subfield>
         </datafield>
      </record>