
      <record>
         <leader>00000nz  a2200169   4500</leader>
         <controlfield tag="001">30001869</controlfield>
         <controlfield tag="003">RISM</controlfield>
         <controlfield tag="005">20160216</controlfield>
         <controlfield tag="008">160216n||az|||||||##########||||||||||||</controlfield>
         <datafield tag="040" ind1=" " ind2=" ">
            <subfield code="a">I-PEc</subfield>
         </datafield>
         <datafield tag="043" ind1=" " ind2=" ">
            <subfield code="c">XA-IT</subfield>
         </datafield>
         <datafield tag="110" ind1="2" ind2=" ">
            <subfield code="a">Biblioteca Augusta</subfield>
            <subfield code="c">Perugia</subfield>
            <subfield code="g">I-PEc</subfield>
         </datafield>
         <datafield tag="622" ind1=" " ind2=" ">
            <subfield code="e">Biblioteca Augusta, Via delle Prome, 15, 06122 Perugia (PG), Italy</subfield>
            <subfield code="u">http://turismo.comune.perugia.it/pagine/augusta</subfield>
         </datafield>
      </record>