
      <record>
         <leader>00000nz  a2200169   4500</leader>
         <controlfield tag="001">30001871</controlfield>
         <controlfield tag="003">RISM</controlfield>
         <controlfield tag="005">20160216</controlfield>
         <controlfield tag="008">160216n||az|||||||##########||||||||||||</controlfield>
         <datafield tag="040" ind1=" " ind2=" ">
            <subfield code="a">I-PEl</subfield>
         </datafield>
         <datafield tag="043" ind1=" " ind2=" ">
            <subfield code="c">XA-IT</subfield>
         </datafield>
         <datafield tag="110" ind1="2" ind2=" ">
            <subfield code="a">Biblioteca del Conservatorio di Musica Francesco Morlacchi</subfield>
            <subfield code="c">Perugia</subfield>
            <subfield code="g">I-PEl</subfield>
         </datafield>
         <datafield tag="622" ind1=" " ind2=" ">
            <subfield code="e">Biblioteca del Conservatorio di Musica,  Francesco Morlacchi, Piazza A. Mariotti, 2, 06100 Perugia (PG), Italy</subfield>
            <subfield code="u">http://www.conservatorioperugia.it/3-strumenti_e_strutture/24-biblioteca.html</subfield>
         </datafield>
      </record>