
      <record>
         <leader>00000nz  a2200169   4500</leader>
         <controlfield tag="001">30005571</controlfield>
         <controlfield tag="003">RISM</controlfield>
         <controlfield tag="005">20160216</controlfield>
         <controlfield tag="008">160216n||az|||||||##########||||||||||||</controlfield>
         <datafield tag="040" ind1=" " ind2=" ">
            <subfield code="a">I-PEN</subfield>
         </datafield>
         <datafield tag="043" ind1=" " ind2=" ">
            <subfield code="c">XA-IT</subfield>
         </datafield>
         <datafield tag="110" ind1="2" ind2=" ">
            <subfield code="a">Archivio Vescovile</subfield>
            <subfield code="c">Penne</subfield>
            <subfield code="g">I-PEN</subfield>
         </datafield>
         <datafield tag="622" ind1=" " ind2=" ">
            <subfield code="e">Archivio Vescovile, Piazza Duomo, I-65017 Penne (PE)., Regione Abruzzo</subfield>
         </datafield>
      </record>