
      <record>
         <leader>00000nz  a2200169   4500</leader>
         <controlfield tag="001">30001875</controlfield>
         <controlfield tag="003">RISM</controlfield>
         <controlfield tag="005">20160216</controlfield>
         <controlfield tag="008">160216n||az|||||||##########||||||||||||</controlfield>
         <datafield tag="040" ind1=" " ind2=" ">
            <subfield code="a">I-PESd</subfield>
         </datafield>
         <datafield tag="043" ind1=" " ind2=" ">
            <subfield code="c">XA-IT</subfield>
         </datafield>
         <datafield tag="110" ind1="2" ind2=" ">
            <subfield code="a">Archivio capitolare del Duomo</subfield>
            <subfield code="c">Pesaro</subfield>
            <subfield code="g">I-PESd</subfield>
         </datafield>
         <datafield tag="410" ind1="2" ind2=" ">
            <subfield code="a">Biblioteca capitolare della Cattedrale, Archivio del Duomo</subfield>
         </datafield>
         <datafield tag="580" ind1=" " ind2=" ">
            <subfield code="x">I-PESdi</subfield>
            <subfield code="0">30005324</subfield>
         </datafield>
      </record>