
      <record>
         <leader>00000nz  a2200169   4500</leader>
         <controlfield tag="001">30000076</controlfield>
         <controlfield tag="003">RISM</controlfield>
         <controlfield tag="005">20160216</controlfield>
         <controlfield tag="008">160216n||az|||||||##########||||||||||||</controlfield>
         <datafield tag="040" ind1=" " ind2=" ">
            <subfield code="a">I-PEsf</subfield>
         </datafield>
         <datafield tag="043" ind1=" " ind2=" ">
            <subfield code="c">XA-IT</subfield>
         </datafield>
         <datafield tag="110" ind1="2" ind2=" ">
            <subfield code="a">Congregazione dell'Oratorio di S. Filippo Neri, Biblioteca e Archivio</subfield>
            <subfield code="c">Perugia</subfield>
            <subfield code="g">I-PEsf</subfield>
         </datafield>
         <datafield tag="410" ind1="2" ind2=" ">
            <subfield code="a">Archivio dei Padri Filippini</subfield>
         </datafield>
         <datafield tag="410" ind1="2" ind2=" ">
            <subfield code="a">Congregazione di S. Filippo Neri (Padri Filippini), Biblioteca</subfield>
         </datafield>
         <datafield tag="622" ind1=" " ind2=" ">
            <subfield code="e">Congregazione dell'Oratorio di S., Filippo Neri, Biblioteca e Archivio, Via della Stella 20, 06123 Perugia, Italy</subfield>
            <subfield code="u">http://www.oratoriosanfilippo.org/congr/perugia.htm</subfield>
         </datafield>
      </record>