
      <record>
         <leader>00000nz  a2200169   4500</leader>
         <controlfield tag="001">30000077</controlfield>
         <controlfield tag="003">RISM</controlfield>
         <controlfield tag="005">20160216</controlfield>
         <controlfield tag="008">160216n||az|||||||##########||||||||||||</controlfield>
         <datafield tag="040" ind1=" " ind2=" ">
            <subfield code="a">I-PEsl</subfield>
         </datafield>
         <datafield tag="043" ind1=" " ind2=" ">
            <subfield code="c">XA-IT</subfield>
         </datafield>
         <datafield tag="110" ind1="2" ind2=" ">
            <subfield code="a">Archivio capitolo della Cattedrale di San Lorenzo di Perugia</subfield>
            <subfield code="c">Perugia</subfield>
            <subfield code="g">I-PEsl</subfield>
         </datafield>
         <datafield tag="622" ind1=" " ind2=" ">
            <subfield code="e">Archivio capitolo della Cattedrale di,  San Lorenzo di Perugia, Piazza IV Novembre, 06123 Perugia (PG), Italy</subfield>
         </datafield>
      </record>