
      <record>
         <leader>00000nz  a2200169   4500</leader>
         <controlfield tag="001">30001877</controlfield>
         <controlfield tag="003">RISM</controlfield>
         <controlfield tag="005">20160216</controlfield>
         <controlfield tag="008">160216n||az|||||||##########||||||||||||</controlfield>
         <datafield tag="040" ind1=" " ind2=" ">
            <subfield code="a">I-PESo</subfield>
         </datafield>
         <datafield tag="043" ind1=" " ind2=" ">
            <subfield code="c">XA-IT</subfield>
         </datafield>
         <datafield tag="110" ind1="2" ind2=" ">
            <subfield code="a">Biblioteca Oliveriana</subfield>
            <subfield code="c">Pesaro</subfield>
            <subfield code="g">I-PESo</subfield>
         </datafield>
         <datafield tag="622" ind1=" " ind2=" ">
            <subfield code="e">Biblioteca Oliveriana, Via Mazza, 97, 61100 Pesaro (PU), Italy</subfield>
            <subfield code="u">http://www.oliveriana.pu.it/index.php?id=14525</subfield>
         </datafield>
      </record>