
      <record>
         <leader>00000nz  a2200169   4500</leader>
         <controlfield tag="001">30000078</controlfield>
         <controlfield tag="003">RISM</controlfield>
         <controlfield tag="005">20160216</controlfield>
         <controlfield tag="008">160216n||az|||||||##########||||||||||||</controlfield>
         <datafield tag="040" ind1=" " ind2=" ">
            <subfield code="a">I-PEsp</subfield>
         </datafield>
         <datafield tag="043" ind1=" " ind2=" ">
            <subfield code="c">XA-IT</subfield>
         </datafield>
         <datafield tag="110" ind1="2" ind2=" ">
            <subfield code="a">Archivio e Museo della Badia Basilica Benedettina di San Pietro</subfield>
            <subfield code="c">Perugia</subfield>
            <subfield code="g">I-PEsp</subfield>
         </datafield>
         <datafield tag="622" ind1=" " ind2=" ">
            <subfield code="e">Archivio e Museo della Badia Basilica,  Benedettina di San Pietro, Borgo XX Giugno, 74, 06100 Perugia (PG), Italy</subfield>
         </datafield>
      </record>