
      <record>
         <leader>00000nz  a2200169   4500</leader>
         <controlfield tag="001">30004882</controlfield>
         <controlfield tag="003">RISM</controlfield>
         <controlfield tag="005">20160216</controlfield>
         <controlfield tag="008">160216n||az|||||||##########||||||||||||</controlfield>
         <datafield tag="040" ind1=" " ind2=" ">
            <subfield code="a">I-PESr</subfield>
         </datafield>
         <datafield tag="043" ind1=" " ind2=" ">
            <subfield code="c">XA-IT</subfield>
         </datafield>
         <datafield tag="110" ind1="2" ind2=" ">
            <subfield code="a">Fondazione G. Rossini, Biblioteca</subfield>
            <subfield code="c">Pesaro</subfield>
            <subfield code="g">I-PESr</subfield>
         </datafield>
         <datafield tag="410" ind1="2" ind2=" ">
            <subfield code="a">Fondazione Rossini</subfield>
         </datafield>
         <datafield tag="622" ind1=" " ind2=" ">
            <subfield code="e">Fondazione G. Rossini, Biblioteca, Piazza Olivieri 5, I-6110 Pesaro., Regione Marche</subfield>
         </datafield>
      </record>