
      <record>
         <leader>00000nz  a2200169   4500</leader>
         <controlfield tag="001">30005323</controlfield>
         <controlfield tag="003">RISM</controlfield>
         <controlfield tag="005">20160216</controlfield>
         <controlfield tag="008">160216n||az|||||||##########||||||||||||</controlfield>
         <datafield tag="040" ind1=" " ind2=" ">
            <subfield code="a">I-PEu</subfield>
         </datafield>
         <datafield tag="043" ind1=" " ind2=" ">
            <subfield code="c">XA-IT</subfield>
         </datafield>
         <datafield tag="110" ind1="2" ind2=" ">
            <subfield code="a">Università degli Studi di Perugia, Facoltà di Lettere e Filosofia, Istituto di Storia dell'Arte, Cattedra di Storia della Musica, Biblioteca</subfield>
            <subfield code="c">Perugia</subfield>
            <subfield code="g">I-PEu</subfield>
         </datafield>
         <datafield tag="622" ind1=" " ind2=" ">
            <subfield code="e">Università degli Studi di Perugia,, Facoltà di Lettere e Filosofia,, Istituto di Storia dell'Arte, Cattedra, di Storia della Musica, Biblioteca, Piazza Morlacchi 11, I-06100 Perugia., Regione Umbria</subfield>
         </datafield>
      </record>