
      <record>
         <leader>00000nz  a2200169   4500</leader>
         <controlfield tag="001">30003498</controlfield>
         <controlfield tag="003">RISM</controlfield>
         <controlfield tag="005">20160216</controlfield>
         <controlfield tag="008">160216n||az|||||||##########||||||||||||</controlfield>
         <datafield tag="040" ind1=" " ind2=" ">
            <subfield code="a">I-PIarc</subfield>
         </datafield>
         <datafield tag="043" ind1=" " ind2=" ">
            <subfield code="c">XA-IT</subfield>
         </datafield>
         <datafield tag="110" ind1="2" ind2=" ">
            <subfield code="a">Biblioteca Arcivescovile Cardinale Pietro Maffi</subfield>
            <subfield code="c">Pisa</subfield>
            <subfield code="g">I-PIarc</subfield>
         </datafield>
         <datafield tag="622" ind1=" " ind2=" ">
            <subfield code="e">Biblioteca Arcivescovile Cardinale, Pietro Maffi, Piazza Arcivescovado, I-56100 Pisa., Regione Toscana</subfield>
         </datafield>
      </record>