
      <record>
         <leader>00000nz  a2200169   4500</leader>
         <controlfield tag="001">30003109</controlfield>
         <controlfield tag="003">RISM</controlfield>
         <controlfield tag="005">20160216</controlfield>
         <controlfield tag="008">160216n||az|||||||##########||||||||||||</controlfield>
         <datafield tag="040" ind1=" " ind2=" ">
            <subfield code="a">I-PIca</subfield>
         </datafield>
         <datafield tag="043" ind1=" " ind2=" ">
            <subfield code="c">XA-IT</subfield>
         </datafield>
         <datafield tag="110" ind1="2" ind2=" ">
            <subfield code="a">Biblioteca Cathariniana</subfield>
            <subfield code="c">Pisa</subfield>
            <subfield code="g">I-PIca</subfield>
         </datafield>
         <datafield tag="622" ind1=" " ind2=" ">
            <subfield code="e">Biblioteca Cathariniana, Seminario Arcivescovile, Via San Zeno, 2, 56127 Pisa (PI), Italy</subfield>
            <subfield code="u">http://www.biblioteca-cateriniana.pisa.it/</subfield>
         </datafield>
      </record>