
      <record>
         <leader>00000nz  a2200169   4500</leader>
         <controlfield tag="001">30004888</controlfield>
         <controlfield tag="003">RISM</controlfield>
         <controlfield tag="005">20160216</controlfield>
         <controlfield tag="008">160216n||az|||||||##########||||||||||||</controlfield>
         <datafield tag="040" ind1=" " ind2=" ">
            <subfield code="a">I-PIcs</subfield>
         </datafield>
         <datafield tag="043" ind1=" " ind2=" ">
            <subfield code="c">XA-IT</subfield>
         </datafield>
         <datafield tag="110" ind1="2" ind2=" ">
            <subfield code="a">Convento di S. Torpé dei Padri Carmelitani Scalzi, Biblioteca</subfield>
            <subfield code="c">Pisa</subfield>
            <subfield code="g">I-PIcs</subfield>
         </datafield>
         <datafield tag="410" ind1="2" ind2=" ">
            <subfield code="a">Collegio Fil. Carmelitani Scalzi di S. Torpé</subfield>
         </datafield>
         <datafield tag="622" ind1=" " ind2=" ">
            <subfield code="e">Convento di S. Torpé dei Padri, Carmelitani Scalzi, Biblioteca, Largo del Parlascio 20, I-56100 Pisa., Regione Toscana</subfield>
         </datafield>
      </record>