
      <record>
         <leader>00000nz  a2200169   4500</leader>
         <controlfield tag="001">30005336</controlfield>
         <controlfield tag="003">RISM</controlfield>
         <controlfield tag="005">20160216</controlfield>
         <controlfield tag="008">160216n||az|||||||##########||||||||||||</controlfield>
         <datafield tag="040" ind1=" " ind2=" ">
            <subfield code="a">I-PIgiazotto</subfield>
         </datafield>
         <datafield tag="043" ind1=" " ind2=" ">
            <subfield code="c">XA-IT</subfield>
         </datafield>
         <datafield tag="110" ind1="2" ind2=" ">
            <subfield code="a">Biblioteca privata Remo Giazotto</subfield>
            <subfield code="c">Pisa</subfield>
            <subfield code="g">I-PIgiazotto</subfield>
         </datafield>
         <datafield tag="580" ind1=" " ind2=" ">
            <subfield code="x">I-Tfanan</subfield>
            <subfield code="0">30004977</subfield>
         </datafield>
         <datafield tag="580" ind1=" " ind2=" ">
            <subfield code="x">I-Rig</subfield>
            <subfield code="0">30003511</subfield>
         </datafield>
      </record>