
      <record>
         <leader>00000nz  a2200169   4500</leader>
         <controlfield tag="001">30003500</controlfield>
         <controlfield tag="003">RISM</controlfield>
         <controlfield tag="005">20160216</controlfield>
         <controlfield tag="008">160216n||az|||||||##########||||||||||||</controlfield>
         <datafield tag="040" ind1=" " ind2=" ">
            <subfield code="a">I-PIN</subfield>
         </datafield>
         <datafield tag="043" ind1=" " ind2=" ">
            <subfield code="c">XA-IT</subfield>
         </datafield>
         <datafield tag="110" ind1="2" ind2=" ">
            <subfield code="a">Biblioteca Civica Centrale Camillo Alliaudi</subfield>
            <subfield code="c">Pinerolo</subfield>
            <subfield code="g">I-PIN</subfield>
         </datafield>
         <datafield tag="410" ind1="2" ind2=" ">
            <subfield code="a">Biblioteca Comunale Camillo Allinudi</subfield>
         </datafield>
         <datafield tag="410" ind1="2" ind2=" ">
            <subfield code="a">Biblioteca Comunale Camillo Allaudi</subfield>
         </datafield>
         <datafield tag="622" ind1=" " ind2=" ">
            <subfield code="e">Biblioteca Civica Centrale Camillo, Alliaudi, Via Cesare Battisti 11, I-10064, Pinerolo (TO). Regione Piemonte</subfield>
         </datafield>
      </record>