
      <record>
         <leader>00000nz  a2200169   4500</leader>
         <controlfield tag="001">30001879</controlfield>
         <controlfield tag="003">RISM</controlfield>
         <controlfield tag="005">20160216</controlfield>
         <controlfield tag="008">160216n||az|||||||##########||||||||||||</controlfield>
         <datafield tag="040" ind1=" " ind2=" ">
            <subfield code="a">I-PIp</subfield>
         </datafield>
         <datafield tag="043" ind1=" " ind2=" ">
            <subfield code="c">XA-IT</subfield>
         </datafield>
         <datafield tag="110" ind1="2" ind2=" ">
            <subfield code="a">Biblioteca dell'Opera della Primaziale Pisana</subfield>
            <subfield code="c">Pisa</subfield>
            <subfield code="g">I-PIp</subfield>
         </datafield>
         <datafield tag="622" ind1=" " ind2=" ">
            <subfield code="e">Biblioteca dell'Opera della Primaziale,  Pisana, Piazza Duomo, 3, 56126 Pisa (PI), Italy</subfield>
            <subfield code="u">http://www.opapisa.it/it/archivio-storico/centro-didattico-toniolo.html</subfield>
         </datafield>
      </record>