
      <record>
         <leader>00000nz  a2200169   4500</leader>
         <controlfield tag="001">30003499</controlfield>
         <controlfield tag="003">RISM</controlfield>
         <controlfield tag="005">20160216</controlfield>
         <controlfield tag="008">160216n||az|||||||##########||||||||||||</controlfield>
         <datafield tag="040" ind1=" " ind2=" ">
            <subfield code="a">I-PIst</subfield>
         </datafield>
         <datafield tag="043" ind1=" " ind2=" ">
            <subfield code="c">XA-IT</subfield>
         </datafield>
         <datafield tag="110" ind1="2" ind2=" ">
            <subfield code="a">Chiesa dei Cavalieri di S. Stefano, Archivio</subfield>
            <subfield code="c">Pisa</subfield>
            <subfield code="g">I-PIst</subfield>
         </datafield>
         <datafield tag="622" ind1=" " ind2=" ">
            <subfield code="e">Chiesa dei Cavalieri di S. Stefano,, Archivio, Via Bianchi (Via S. Stefano 2 ?), I, -56100 Pisa. Regione Toscana</subfield>
         </datafield>
      </record>