
      <record>
         <leader>00000nz  a2200169   4500</leader>
         <controlfield tag="001">30005334</controlfield>
         <controlfield tag="003">RISM</controlfield>
         <controlfield tag="005">20160216</controlfield>
         <controlfield tag="008">160216n||az|||||||##########||||||||||||</controlfield>
         <datafield tag="040" ind1=" " ind2=" ">
            <subfield code="a">I-PIus</subfield>
         </datafield>
         <datafield tag="043" ind1=" " ind2=" ">
            <subfield code="c">XA-IT</subfield>
         </datafield>
         <datafield tag="110" ind1="2" ind2=" ">
            <subfield code="a">Università degli Studi, Facoltà di Lettere e Filosofia, Cattedra di Storia della Musica, Biblioteca</subfield>
            <subfield code="c">Pisa</subfield>
            <subfield code="g">I-PIus</subfield>
         </datafield>
         <datafield tag="410" ind1="2" ind2=" ">
            <subfield code="a">Università degli Studi, Cattedra di Storia della Musica, Biblioteca</subfield>
         </datafield>
         <datafield tag="622" ind1=" " ind2=" ">
            <subfield code="e">Università degli Studi, Facoltà di, Lettere e Filosofia, Cattedra di Storia, della Musica, Biblioteca, Via Collegio Ricci 10, I-56100 Pisa., Regione Toscana</subfield>
         </datafield>
      </record>