
      <record>
         <leader>00000nz  a2200169   4500</leader>
         <controlfield tag="001">30001857</controlfield>
         <controlfield tag="003">RISM</controlfield>
         <controlfield tag="005">20160216</controlfield>
         <controlfield tag="008">160216n||az|||||||##########||||||||||||</controlfield>
         <datafield tag="040" ind1=" " ind2=" ">
            <subfield code="a">I-Pl</subfield>
         </datafield>
         <datafield tag="043" ind1=" " ind2=" ">
            <subfield code="c">XA-IT</subfield>
         </datafield>
         <datafield tag="110" ind1="2" ind2=" ">
            <subfield code="a">Biblioteca del Conservatorio statale di musica Cesare Pollini</subfield>
            <subfield code="c">Padova</subfield>
            <subfield code="g">I-Pl</subfield>
         </datafield>
         <datafield tag="622" ind1=" " ind2=" ">
            <subfield code="e">Biblioteca del Conservatorio statale di,  musica Cesare Pollini, Via Eremitani, 18, 35121 Padova (PD), Italy</subfield>
            <subfield code="u">http://www.conservatoriopollini.it/8705/biblioteca</subfield>
         </datafield>
      </record>