
      <record>
         <leader>00000nz  a2200169   4500</leader>
         <controlfield tag="001">30004884</controlfield>
         <controlfield tag="003">RISM</controlfield>
         <controlfield tag="005">20160216</controlfield>
         <controlfield tag="008">160216n||az|||||||##########||||||||||||</controlfield>
         <datafield tag="040" ind1=" " ind2=" ">
            <subfield code="a">I-PLccs</subfield>
         </datafield>
         <datafield tag="043" ind1=" " ind2=" ">
            <subfield code="c">XA-IT</subfield>
         </datafield>
         <datafield tag="110" ind1="2" ind2=" ">
            <subfield code="a">Biblioteca della Facoltà Teologica di Sicilia Mons. Cataldo Naro</subfield>
            <subfield code="c">Palermo</subfield>
            <subfield code="g">I-PLccs</subfield>
         </datafield>
         <datafield tag="622" ind1=" " ind2=" ">
            <subfield code="e">Biblioteca della Facoltà Teologica di,  Sicilia Mons. Cataldo Naro, Via Vittorio Emanuele, 463, 90134 Palermo (PA), Italy</subfield>
            <subfield code="u">http://goo.gl/mOIfl7</subfield>
         </datafield>
      </record>