
      <record>
         <leader>00000nz  a2200169   4500</leader>
         <controlfield tag="001">30001885</controlfield>
         <controlfield tag="003">RISM</controlfield>
         <controlfield tag="005">20160216</controlfield>
         <controlfield tag="008">160216n||az|||||||##########||||||||||||</controlfield>
         <datafield tag="040" ind1=" " ind2=" ">
            <subfield code="a">I-PLcon</subfield>
         </datafield>
         <datafield tag="043" ind1=" " ind2=" ">
            <subfield code="c">XA-IT</subfield>
         </datafield>
         <datafield tag="110" ind1="2" ind2=" ">
            <subfield code="a">Biblioteca del Conservatorio di musica Vincenzo Bellini</subfield>
            <subfield code="c">Palermo</subfield>
            <subfield code="g">I-PLcon</subfield>
         </datafield>
         <datafield tag="622" ind1=" " ind2=" ">
            <subfield code="e">Biblioteca del Conservatorio di musica, Vincenzo Bellini, Via Squarcialupo, 45, 90133 Palermo (PA), Italy</subfield>
            <subfield code="u">http://www.conservatoriobellini.it/</subfield>
         </datafield>
      </record>