
      <record>
         <leader>00000nz  a2200169   4500</leader>
         <controlfield tag="001">30004885</controlfield>
         <controlfield tag="003">RISM</controlfield>
         <controlfield tag="005">20160216</controlfield>
         <controlfield tag="008">160216n||az|||||||##########||||||||||||</controlfield>
         <datafield tag="040" ind1=" " ind2=" ">
            <subfield code="a">I-PLfm</subfield>
         </datafield>
         <datafield tag="043" ind1=" " ind2=" ">
            <subfield code="c">XA-IT</subfield>
         </datafield>
         <datafield tag="110" ind1="2" ind2=" ">
            <subfield code="a">Biblioteca Francescana (Curia Generalizia dei Frati Minori)</subfield>
            <subfield code="c">Palermo</subfield>
            <subfield code="g">I-PLfm</subfield>
         </datafield>
         <datafield tag="410" ind1="2" ind2=" ">
            <subfield code="a">Biblioteca Francescana dei Frati Minori</subfield>
         </datafield>
         <datafield tag="410" ind1="2" ind2=" ">
            <subfield code="a">Biblioteca Francescana (dei Frati Minori)</subfield>
         </datafield>
         <datafield tag="622" ind1=" " ind2=" ">
            <subfield code="e">Biblioteca Francescana (Curia, Generalizia dei Frati Minori), Via Santa Maria del Gesù, I-90124, Palermo. Regione Sicilia</subfield>
         </datafield>
      </record>