
      <record>
         <leader>00000nz  a2200169   4500</leader>
         <controlfield tag="001">30004871</controlfield>
         <controlfield tag="003">RISM</controlfield>
         <controlfield tag="005">20160216</controlfield>
         <controlfield tag="008">160216n||az|||||||##########||||||||||||</controlfield>
         <datafield tag="040" ind1=" " ind2=" ">
            <subfield code="a">I-PLMcc</subfield>
         </datafield>
         <datafield tag="043" ind1=" " ind2=" ">
            <subfield code="c">XA-IT</subfield>
         </datafield>
         <datafield tag="110" ind1="2" ind2=" ">
            <subfield code="a">Casa della Cultura Leonida Repaci, Biblioteca</subfield>
            <subfield code="c">Palmi</subfield>
            <subfield code="g">I-PLMcc</subfield>
         </datafield>
         <datafield tag="622" ind1=" " ind2=" ">
            <subfield code="e">Casa della Cultura Leonida Repaci,, Biblioteca, Via S. Giorgio, I-89015 Palmi (RC)., Regione Calabria</subfield>
         </datafield>
      </record>