
      <record>
         <leader>00000nz  a2200169   4500</leader>
         <controlfield tag="001">30001889</controlfield>
         <controlfield tag="003">RISM</controlfield>
         <controlfield tag="005">20160216</controlfield>
         <controlfield tag="008">160216n||az|||||||##########||||||||||||</controlfield>
         <datafield tag="040" ind1=" " ind2=" ">
            <subfield code="a">I-PLn</subfield>
         </datafield>
         <datafield tag="043" ind1=" " ind2=" ">
            <subfield code="c">XA-IT</subfield>
         </datafield>
         <datafield tag="110" ind1="2" ind2=" ">
            <subfield code="a">Biblioteca centrale della Regione siciliana Alberto Bombace</subfield>
            <subfield code="c">Palermo</subfield>
            <subfield code="g">I-PLn</subfield>
         </datafield>
         <datafield tag="622" ind1=" " ind2=" ">
            <subfield code="e">Biblioteca centrale della Regione,  siciliana Alberto Bombace, Via Vittorio Emanuele, 429/431, 90134 Palermo (PA), Italy</subfield>
            <subfield code="u">http://mw.bibliotecacentraleregionesiciliana.it/</subfield>
         </datafield>
      </record>