
      <record>
         <leader>00000nz  a2200169   4500</leader>
         <controlfield tag="001">30001890</controlfield>
         <controlfield tag="003">RISM</controlfield>
         <controlfield tag="005">20160216</controlfield>
         <controlfield tag="008">160216n||az|||||||##########||||||||||||</controlfield>
         <datafield tag="040" ind1=" " ind2=" ">
            <subfield code="a">I-PLpagano</subfield>
         </datafield>
         <datafield tag="043" ind1=" " ind2=" ">
            <subfield code="c">XA-IT</subfield>
         </datafield>
         <datafield tag="110" ind1="2" ind2=" ">
            <subfield code="a">Biblioteca privata Roberto Pagano</subfield>
            <subfield code="c">Palermo</subfield>
            <subfield code="g">I-PLpagano</subfield>
         </datafield>
         <datafield tag="622" ind1=" " ind2=" ">
            <subfield code="e">Biblioteca privata Roberto Pagano, Via Villafranca, 22, 90141 Palermo (PA), Italy</subfield>
         </datafield>
      </record>