
      <record>
         <leader>00000nz  a2200169   4500</leader>
         <controlfield tag="001">30001894</controlfield>
         <controlfield tag="003">RISM</controlfield>
         <controlfield tag="005">20160216</controlfield>
         <controlfield tag="008">160216n||az|||||||##########||||||||||||</controlfield>
         <datafield tag="040" ind1=" " ind2=" ">
            <subfield code="a">I-PLsd</subfield>
         </datafield>
         <datafield tag="043" ind1=" " ind2=" ">
            <subfield code="c">XA-IT</subfield>
         </datafield>
         <datafield tag="110" ind1="2" ind2=" ">
            <subfield code="a">Archivio Storico Diocesano</subfield>
            <subfield code="c">Palermo</subfield>
            <subfield code="g">I-PLsd</subfield>
         </datafield>
         <datafield tag="622" ind1=" " ind2=" ">
            <subfield code="e">Archivio Storico Diocesano, Via Vittorio Emanuele 459 (via Matteo, Bonello 2 ?), I-90133 (90134 ?), Palermo. Regione Sicilia</subfield>
         </datafield>
      </record>