
      <record>
         <leader>00000nz  a2200169   4500</leader>
         <controlfield tag="001">30004886</controlfield>
         <controlfield tag="003">RISM</controlfield>
         <controlfield tag="005">20160216</controlfield>
         <controlfield tag="008">160216n||az|||||||##########||||||||||||</controlfield>
         <datafield tag="040" ind1=" " ind2=" ">
            <subfield code="a">I-PLsla</subfield>
         </datafield>
         <datafield tag="043" ind1=" " ind2=" ">
            <subfield code="c">XA-IT</subfield>
         </datafield>
         <datafield tag="110" ind1="2" ind2=" ">
            <subfield code="a">Accademia Nazionale di Scienze, Lettere ed Arti, Biblioteca</subfield>
            <subfield code="c">Palermo</subfield>
            <subfield code="g">I-PLsla</subfield>
         </datafield>
         <datafield tag="622" ind1=" " ind2=" ">
            <subfield code="e">Accademia Nazionale di Scienze, Lettere, ed Arti, Biblioteca, Piazza Indipendenza 17, I-90129, Palermo. Regione Sicilia</subfield>
         </datafield>
      </record>