
      <record>
         <leader>00000nz  a2200169   4500</leader>
         <controlfield tag="001">30080358</controlfield>
         <controlfield tag="003">RISM</controlfield>
         <controlfield tag="005">20160216</controlfield>
         <controlfield tag="008">160216n||az|||||||##########||||||||||||</controlfield>
         <datafield tag="040" ind1=" " ind2=" ">
            <subfield code="a">I-PMmc</subfield>
         </datafield>
         <datafield tag="043" ind1=" " ind2=" ">
            <subfield code="c">XA-IT</subfield>
         </datafield>
         <datafield tag="110" ind1="2" ind2=" ">
            <subfield code="a">Museo civico Ercole Nardi</subfield>
            <subfield code="c">Poggio Mirteto</subfield>
            <subfield code="g">I-PMmc</subfield>
         </datafield>
         <datafield tag="622" ind1=" " ind2=" ">
            <subfield code="e">Museo civico Ercole Nardi, Via Cairoli, 25, 02047 Poggio Mirteto (RI), Italy</subfield>
         </datafield>
      </record>