
      <record>
         <leader>00000nz  a2200169   4500</leader>
         <controlfield tag="001">30005348</controlfield>
         <controlfield tag="003">RISM</controlfield>
         <controlfield tag="005">20160216</controlfield>
         <controlfield tag="008">160216n||az|||||||##########||||||||||||</controlfield>
         <datafield tag="040" ind1=" " ind2=" ">
            <subfield code="a">I-PNam</subfield>
         </datafield>
         <datafield tag="043" ind1=" " ind2=" ">
            <subfield code="c">XA-IT</subfield>
         </datafield>
         <datafield tag="110" ind1="2" ind2=" ">
            <subfield code="a">Biblioteca privata "Arti e Mestieri" di Carlo e Sofia Quaroni</subfield>
            <subfield code="c">Pordenone</subfield>
            <subfield code="g">I-PNam</subfield>
         </datafield>
         <datafield tag="622" ind1=" " ind2=" ">
            <subfield code="e">Biblioteca privata "Arti e Mestieri" di, Carlo e Sofia Quaroni, I-Pordenone. Regione Veneto</subfield>
         </datafield>
      </record>