
      <record>
         <leader>00000nz  a2200169   4500</leader>
         <controlfield tag="001">30004890</controlfield>
         <controlfield tag="003">RISM</controlfield>
         <controlfield tag="005">20160216</controlfield>
         <controlfield tag="008">160216n||az|||||||##########||||||||||||</controlfield>
         <datafield tag="040" ind1=" " ind2=" ">
            <subfield code="a">I-PNTa</subfield>
         </datafield>
         <datafield tag="043" ind1=" " ind2=" ">
            <subfield code="c">XA-IT</subfield>
         </datafield>
         <datafield tag="110" ind1="2" ind2=" ">
            <subfield code="a">Biblioteca San Giacomo (Archivio dell'Abbazia)</subfield>
            <subfield code="c">Pontida</subfield>
            <subfield code="g">I-PNTa</subfield>
         </datafield>
         <datafield tag="410" ind1="2" ind2=" ">
            <subfield code="a">Abbazia, Archivio</subfield>
         </datafield>
         <datafield tag="410" ind1="2" ind2=" ">
            <subfield code="a">Biblioteca del Monastero Benedittino di S. Giacomo</subfield>
         </datafield>
         <datafield tag="622" ind1=" " ind2=" ">
            <subfield code="e">Biblioteca San Giacomo (Archivio, dell'Abbazia), Piazza Giuramento, I-24030 Pontida, (BG). Regione Lombardia</subfield>
         </datafield>
      </record>