
      <record>
         <leader>00000nz  a2200169   4500</leader>
         <controlfield tag="001">30005332</controlfield>
         <controlfield tag="003">RISM</controlfield>
         <controlfield tag="005">20160216</controlfield>
         <controlfield tag="008">160216n||az|||||||##########||||||||||||</controlfield>
         <datafield tag="040" ind1=" " ind2=" ">
            <subfield code="a">I-PNZm</subfield>
         </datafield>
         <datafield tag="043" ind1=" " ind2=" ">
            <subfield code="c">XA-IT</subfield>
         </datafield>
         <datafield tag="110" ind1="2" ind2=" ">
            <subfield code="a">Museo del Duomo</subfield>
            <subfield code="c">Pienza</subfield>
            <subfield code="g">I-PNZm</subfield>
         </datafield>
         <datafield tag="622" ind1=" " ind2=" ">
            <subfield code="e">Museo del Duomo, Palazzo Vescovile, I-53026 Pienza (SI)., Regione Toscana</subfield>
         </datafield>
      </record>