
      <record>
         <leader>00000nz  a2200169   4500</leader>
         <controlfield tag="001">30003111</controlfield>
         <controlfield tag="003">RISM</controlfield>
         <controlfield tag="005">20160216</controlfield>
         <controlfield tag="008">160216n||az|||||||##########||||||||||||</controlfield>
         <datafield tag="040" ind1=" " ind2=" ">
            <subfield code="a">I-PO</subfield>
         </datafield>
         <datafield tag="043" ind1=" " ind2=" ">
            <subfield code="c">XA-IT</subfield>
         </datafield>
         <datafield tag="110" ind1="2" ind2=" ">
            <subfield code="a">Biblioteca Provinciale</subfield>
            <subfield code="c">Potenza</subfield>
            <subfield code="g">I-PO</subfield>
         </datafield>
         <datafield tag="622" ind1=" " ind2=" ">
            <subfield code="e">Biblioteca Provinciale, Via Maestri del Lavoro, 13, 85100 Potenza (PZ), Italy</subfield>
            <subfield code="u">http://www.provincia.potenza.it/provincia/detail.jsp?otype=1126&amp;id=109485</subfield>
         </datafield>
      </record>