
      <record>
         <leader>00000nz  a2200169   4500</leader>
         <controlfield tag="001">30005350</controlfield>
         <controlfield tag="003">RISM</controlfield>
         <controlfield tag="005">20160216</controlfield>
         <controlfield tag="008">160216n||az|||||||##########||||||||||||</controlfield>
         <datafield tag="040" ind1=" " ind2=" ">
            <subfield code="a">I-POc</subfield>
         </datafield>
         <datafield tag="043" ind1=" " ind2=" ">
            <subfield code="c">XA-IT</subfield>
         </datafield>
         <datafield tag="110" ind1="2" ind2=" ">
            <subfield code="a">Conservatorio Statale di Musica C. Gesualdo da Venosa, Biblioteca</subfield>
            <subfield code="c">Potenza</subfield>
            <subfield code="g">I-POc</subfield>
         </datafield>
         <datafield tag="622" ind1=" " ind2=" ">
            <subfield code="e">Conservatorio Statale di Musica C., Gesualdo da Venosa, Biblioteca, Via Anzio, I-85100 Potenza. Regione, Basilicata</subfield>
         </datafield>
      </record>