
      <record>
         <leader>00000nz  a2200169   4500</leader>
         <controlfield tag="001">30001895</controlfield>
         <controlfield tag="003">RISM</controlfield>
         <controlfield tag="005">20160216</controlfield>
         <controlfield tag="008">160216n||az|||||||##########||||||||||||</controlfield>
         <datafield tag="040" ind1=" " ind2=" ">
            <subfield code="a">I-POd</subfield>
         </datafield>
         <datafield tag="043" ind1=" " ind2=" ">
            <subfield code="c">XA-IT</subfield>
         </datafield>
         <datafield tag="110" ind1="2" ind2=" ">
            <subfield code="a">Duomo (S. Gerardo), Archivio Capitolare</subfield>
            <subfield code="c">Potenza</subfield>
            <subfield code="g">I-POd</subfield>
         </datafield>
         <datafield tag="410" ind1="2" ind2=" ">
            <subfield code="a">San Gerardo</subfield>
         </datafield>
         <datafield tag="410" ind1="2" ind2=" ">
            <subfield code="a">Duomo</subfield>
         </datafield>
         <datafield tag="622" ind1=" " ind2=" ">
            <subfield code="e">Duomo (S. Gerardo), Archivio Capitolare, Largo del Duomo, I-85100 Potenza., Regione Basilicata</subfield>
         </datafield>
      </record>