
      <record>
         <leader>00000nz  a2200169   4500</leader>
         <controlfield tag="001">30004893</controlfield>
         <controlfield tag="003">RISM</controlfield>
         <controlfield tag="005">20160216</controlfield>
         <controlfield tag="008">160216n||az|||||||##########||||||||||||</controlfield>
         <datafield tag="040" ind1=" " ind2=" ">
            <subfield code="a">I-PORcl</subfield>
         </datafield>
         <datafield tag="043" ind1=" " ind2=" ">
            <subfield code="c">XA-IT</subfield>
         </datafield>
         <datafield tag="110" ind1="2" ind2=" ">
            <subfield code="a">Centro Librario e Bibliotecario, Biblioteca</subfield>
            <subfield code="c">Portici</subfield>
            <subfield code="g">I-PORcl</subfield>
         </datafield>
         <datafield tag="622" ind1=" " ind2=" ">
            <subfield code="e">Centro Librario e Bibliotecario,, Biblioteca, Corso Garibaldi 197/199, I-80055, Portici (NA). Regione Campania</subfield>
         </datafield>
      </record>