
      <record>
         <leader>00000nz  a2200169   4500</leader>
         <controlfield tag="001">30003503</controlfield>
         <controlfield tag="003">RISM</controlfield>
         <controlfield tag="005">20160216</controlfield>
         <controlfield tag="008">160216n||az|||||||##########||||||||||||</controlfield>
         <datafield tag="040" ind1=" " ind2=" ">
            <subfield code="a">I-PR</subfield>
         </datafield>
         <datafield tag="043" ind1=" " ind2=" ">
            <subfield code="c">XA-IT</subfield>
         </datafield>
         <datafield tag="110" ind1="2" ind2=" ">
            <subfield code="a">Archivio Storico Diocesano, Biblioteca (con Archivio del Duomo)</subfield>
            <subfield code="c">Prato</subfield>
            <subfield code="g">I-PR</subfield>
         </datafield>
         <datafield tag="410" ind1="2" ind2=" ">
            <subfield code="a">Archivio capitolare del Duomo (S. Stefano)</subfield>
         </datafield>
         <datafield tag="410" ind1="2" ind2=" ">
            <subfield code="a">Duomo</subfield>
         </datafield>
         <datafield tag="410" ind1="2" ind2=" ">
            <subfield code="a">Duomo di S. Stefano, Archivio Capitolare</subfield>
         </datafield>
         <datafield tag="622" ind1=" " ind2=" ">
            <subfield code="e">Archivio Storico Diocesano, Biblioteca, (con Archivio del Duomo), Via S. Stefano 1, Piazza Filippo Lippi, 21, I-50047 Prato (FI). Regione Toscana</subfield>
         </datafield>
      </record>