
      <record>
         <leader>00000nz  a2200169   4500</leader>
         <controlfield tag="001">30005311</controlfield>
         <controlfield tag="003">RISM</controlfield>
         <controlfield tag="005">20160216</controlfield>
         <controlfield tag="008">160216n||az|||||||##########||||||||||||</controlfield>
         <datafield tag="040" ind1=" " ind2=" ">
            <subfield code="a">I-PRBp</subfield>
         </datafield>
         <datafield tag="043" ind1=" " ind2=" ">
            <subfield code="c">XA-IT</subfield>
         </datafield>
         <datafield tag="110" ind1="2" ind2=" ">
            <subfield code="a">Parabiago, Archivio Parrocchiale</subfield>
            <subfield code="c">Parabiago</subfield>
            <subfield code="g">I-PRBp</subfield>
         </datafield>
         <datafield tag="410" ind1="2" ind2=" ">
            <subfield code="a">Archivio Prepositurale</subfield>
         </datafield>
         <datafield tag="622" ind1=" " ind2=" ">
            <subfield code="e">Parabiago, Archivio Parrocchiale, Piazza Maggiolini 18, I-20015 Parabiago, (MI). Regione Lombardia</subfield>
         </datafield>
      </record>