
      <record>
         <leader>00000nz  a2200169   4500</leader>
         <controlfield tag="001">30004897</controlfield>
         <controlfield tag="003">RISM</controlfield>
         <controlfield tag="005">20160216</controlfield>
         <controlfield tag="008">160216n||az|||||||##########||||||||||||</controlfield>
         <datafield tag="040" ind1=" " ind2=" ">
            <subfield code="a">I-PREc</subfield>
         </datafield>
         <datafield tag="043" ind1=" " ind2=" ">
            <subfield code="c">XA-IT</subfield>
         </datafield>
         <datafield tag="110" ind1="2" ind2=" ">
            <subfield code="a">Biblioteca Pubblica Comunale</subfield>
            <subfield code="c">Predazzo</subfield>
            <subfield code="g">I-PREc</subfield>
         </datafield>
         <datafield tag="410" ind1="2" ind2=" ">
            <subfield code="a">Biblioteca Civica</subfield>
         </datafield>
         <datafield tag="622" ind1=" " ind2=" ">
            <subfield code="e">Biblioteca Pubblica Comunale, Piazza Santissimi Filippo e Giacomo 1,, I-51830 Predazzo (TN). Regione Trentino, Alto Adige</subfield>
         </datafield>
      </record>