
      <record>
         <leader>00000nz  a2200169   4500</leader>
         <controlfield tag="001">30004896</controlfield>
         <controlfield tag="003">RISM</controlfield>
         <controlfield tag="005">20160216</controlfield>
         <controlfield tag="008">160216n||az|||||||##########||||||||||||</controlfield>
         <datafield tag="040" ind1=" " ind2=" ">
            <subfield code="a">I-PRi</subfield>
         </datafield>
         <datafield tag="043" ind1=" " ind2=" ">
            <subfield code="c">XA-IT</subfield>
         </datafield>
         <datafield tag="110" ind1="2" ind2=" ">
            <subfield code="a">Scuola Comunale di Musica Giuseppe Verdi, Biblioteca</subfield>
            <subfield code="c">Prato</subfield>
            <subfield code="g">I-PRi</subfield>
         </datafield>
         <datafield tag="622" ind1=" " ind2=" ">
            <subfield code="e">Scuola Comunale di Musica Giuseppe, Verdi, Biblioteca, Via di Gherardo 6 (Via B. Magini 7, Via, S. TRinità 2 ?), I-50047 Prato (FI)., Regione Toscana</subfield>
         </datafield>
      </record>