
      <record>
         <leader>00000nz  a2200169   4500</leader>
         <controlfield tag="001">30004898</controlfield>
         <controlfield tag="003">RISM</controlfield>
         <controlfield tag="005">20160216</controlfield>
         <controlfield tag="008">160216n||az|||||||##########||||||||||||</controlfield>
         <datafield tag="040" ind1=" " ind2=" ">
            <subfield code="a">I-PROa</subfield>
         </datafield>
         <datafield tag="043" ind1=" " ind2=" ">
            <subfield code="c">XA-IT</subfield>
         </datafield>
         <datafield tag="110" ind1="2" ind2=" ">
            <subfield code="a">Abbazia di S. Michele Arcangelo</subfield>
            <subfield code="c">Procida</subfield>
            <subfield code="g">I-PROa</subfield>
         </datafield>
         <datafield tag="622" ind1=" " ind2=" ">
            <subfield code="e">Abbazia di S. Michele Arcangelo, Via Terra Murata, I-80079 Procida (NA)., Regione Campania</subfield>
         </datafield>
      </record>