
      <record>
         <leader>00000nz  a2200169   4500</leader>
         <controlfield tag="001">30005317</controlfield>
         <controlfield tag="003">RISM</controlfield>
         <controlfield tag="005">20160216</controlfield>
         <controlfield tag="008">160216n||az|||||||##########||||||||||||</controlfield>
         <datafield tag="040" ind1=" " ind2=" ">
            <subfield code="a">I-PRTb</subfield>
         </datafield>
         <datafield tag="043" ind1=" " ind2=" ">
            <subfield code="c">XA-IT</subfield>
         </datafield>
         <datafield tag="110" ind1="2" ind2=" ">
            <subfield code="a">Banda Musicale Minatori di Perticara, Biblioteca</subfield>
            <subfield code="c">Perticara</subfield>
            <subfield code="g">I-PRTb</subfield>
         </datafield>
         <datafield tag="410" ind1="2" ind2=" ">
            <subfield code="a">Banda Musicale Minatori di Perticara, Archivio</subfield>
         </datafield>
         <datafield tag="622" ind1=" " ind2=" ">
            <subfield code="e">Banda Musicale Minatori di Perticara,, Biblioteca, I-61019 Perticara (PS). Regione Marche</subfield>
         </datafield>
      </record>