
      <record>
         <leader>00000nz  a2200169   4500</leader>
         <controlfield tag="001">30005316</controlfield>
         <controlfield tag="003">RISM</controlfield>
         <controlfield tag="005">20160216</controlfield>
         <controlfield tag="008">160216n||az|||||||##########||||||||||||</controlfield>
         <datafield tag="040" ind1=" " ind2=" ">
            <subfield code="a">I-PRTt</subfield>
         </datafield>
         <datafield tag="043" ind1=" " ind2=" ">
            <subfield code="c">XA-IT</subfield>
         </datafield>
         <datafield tag="110" ind1="2" ind2=" ">
            <subfield code="a">Teatro Mariani di S. Agata Feltria, Fondo Musicale</subfield>
            <subfield code="c">Perticara</subfield>
            <subfield code="g">I-PRTt</subfield>
         </datafield>
         <datafield tag="410" ind1="2" ind2=" ">
            <subfield code="a">Teatro Condomini di S. Agata Feltria, Archivio</subfield>
         </datafield>
         <datafield tag="622" ind1=" " ind2=" ">
            <subfield code="e">Teatro Mariani di S. Agata Feltria,, Fondo Musicale, Piazza Garibaldi 1, I-61019 Perticara, (PS). Regione Marche</subfield>
         </datafield>
      </record>