
      <record>
         <leader>00000nz  a2200169   4500</leader>
         <controlfield tag="001">30005349</controlfield>
         <controlfield tag="003">RISM</controlfield>
         <controlfield tag="005">20160216</controlfield>
         <controlfield tag="008">160216n||az|||||||##########||||||||||||</controlfield>
         <datafield tag="040" ind1=" " ind2=" ">
            <subfield code="a">I-PRZsv</subfield>
         </datafield>
         <datafield tag="043" ind1=" " ind2=" ">
            <subfield code="c">XA-IT</subfield>
         </datafield>
         <datafield tag="110" ind1="2" ind2=" ">
            <subfield code="a">Biblioteca Parrocchiale (Chiesa Collegiata di San Vittore)</subfield>
            <subfield code="c">Porlezza</subfield>
            <subfield code="g">I-PRZsv</subfield>
         </datafield>
         <datafield tag="410" ind1="2" ind2=" ">
            <subfield code="a">Chiesa Collegiata di San Vittore, Archivio</subfield>
         </datafield>
         <datafield tag="622" ind1=" " ind2=" ">
            <subfield code="e">Biblioteca Parrocchiale (Chiesa, Collegiata di San Vittore), Via Colombaio, I-22018 Porlezza (CO)., Regione Lombardia</subfield>
         </datafield>
      </record>