
      <record>
         <leader>00000nz  a2200169   4500</leader>
         <controlfield tag="001">30001896</controlfield>
         <controlfield tag="003">RISM</controlfield>
         <controlfield tag="005">20160216</controlfield>
         <controlfield tag="008">160216n||az|||||||##########||||||||||||</controlfield>
         <datafield tag="040" ind1=" " ind2=" ">
            <subfield code="a">I-PS</subfield>
         </datafield>
         <datafield tag="043" ind1=" " ind2=" ">
            <subfield code="c">XA-IT</subfield>
         </datafield>
         <datafield tag="110" ind1="2" ind2=" ">
            <subfield code="a">Archivio capitolare</subfield>
            <subfield code="c">Pistoia</subfield>
            <subfield code="g">I-PS</subfield>
         </datafield>
         <datafield tag="410" ind1="2" ind2=" ">
            <subfield code="a">Biblioteca dell'Archivio capitolare del Duomo</subfield>
         </datafield>
         <datafield tag="622" ind1=" " ind2=" ">
            <subfield code="e">Archivio capitolare, Vicolo Sozomeno, 3, 51100 Pistoia (PT), Italy</subfield>
            <subfield code="u">http://www.archiviocapitolaredipistoia.it/</subfield>
         </datafield>
      </record>