
      <record>
         <leader>00000nz  a2200169   4500</leader>
         <controlfield tag="001">30076122</controlfield>
         <controlfield tag="003">RISM</controlfield>
         <controlfield tag="005">20160216</controlfield>
         <controlfield tag="008">160216n||az|||||||##########||||||||||||</controlfield>
         <datafield tag="040" ind1=" " ind2=" ">
            <subfield code="a">I-Psa</subfield>
         </datafield>
         <datafield tag="043" ind1=" " ind2=" ">
            <subfield code="c">XA-IT</subfield>
         </datafield>
         <datafield tag="110" ind1="2" ind2=" ">
            <subfield code="a">Basilica di Sant'Antonio - Biblioteca Antoniana</subfield>
            <subfield code="c">Padova</subfield>
            <subfield code="g">I-Psa</subfield>
         </datafield>
         <datafield tag="622" ind1=" " ind2=" ">
            <subfield code="e">Basilica di Sant'Antonio - Biblioteca,  Antoniana, piazza del Santo, 11, 35123 Padova, Italy</subfield>
            <subfield code="u">http://biblioteca.antoniana.net/Benvenuti.html</subfield>
         </datafield>
      </record>