
      <record>
         <leader>00000nz  a2200169   4500</leader>
         <controlfield tag="001">30005575</controlfield>
         <controlfield tag="003">RISM</controlfield>
         <controlfield tag="005">20160216</controlfield>
         <controlfield tag="008">160216n||az|||||||##########||||||||||||</controlfield>
         <datafield tag="040" ind1=" " ind2=" ">
            <subfield code="a">I-PSCmp</subfield>
         </datafield>
         <datafield tag="043" ind1=" " ind2=" ">
            <subfield code="c">XA-IT</subfield>
         </datafield>
         <datafield tag="110" ind1="2" ind2=" ">
            <subfield code="a">Museo Puccini di Celle</subfield>
            <subfield code="c">Pescaglia</subfield>
            <subfield code="g">I-PSCmp</subfield>
         </datafield>
         <datafield tag="622" ind1=" " ind2=" ">
            <subfield code="e">Museo Puccini di Celle, Via Melitori 26, Celle dei Puccini, I, -55064 Pescaglia (LU). Regione Toscana</subfield>
         </datafield>
      </record>