
      <record>
         <leader>00000nz  a2200169   4500</leader>
         <controlfield tag="001">30004867</controlfield>
         <controlfield tag="003">RISM</controlfield>
         <controlfield tag="005">20160216</controlfield>
         <controlfield tag="008">160216n||az|||||||##########||||||||||||</controlfield>
         <datafield tag="040" ind1=" " ind2=" ">
            <subfield code="a">I-Psg</subfield>
         </datafield>
         <datafield tag="043" ind1=" " ind2=" ">
            <subfield code="c">XA-IT</subfield>
         </datafield>
         <datafield tag="110" ind1="2" ind2=" ">
            <subfield code="a">Monumento Nazionale di S. Giustina, Biblioteca</subfield>
            <subfield code="c">Padova</subfield>
            <subfield code="g">I-Psg</subfield>
         </datafield>
         <datafield tag="410" ind1="2" ind2=" ">
            <subfield code="a">Biblioteca Statale del Monumento Nazionale di S. Giustina (Abbazzia Benedettina)</subfield>
         </datafield>
         <datafield tag="622" ind1=" " ind2=" ">
            <subfield code="e">Monumento Nazionale di S. Giustina,, Biblioteca, Via Giuseppe Ferrari 2/a, I-35100, Padova. Regione Veneto</subfield>
         </datafield>
      </record>