
      <record>
         <leader>00000nz  a2200169   4500</leader>
         <controlfield tag="001">30005326</controlfield>
         <controlfield tag="003">RISM</controlfield>
         <controlfield tag="005">20160216</controlfield>
         <controlfield tag="008">160216n||az|||||||##########||||||||||||</controlfield>
         <datafield tag="040" ind1=" " ind2=" ">
            <subfield code="a">I-PSRc</subfield>
         </datafield>
         <datafield tag="043" ind1=" " ind2=" ">
            <subfield code="c">XA-IT</subfield>
         </datafield>
         <datafield tag="110" ind1="2" ind2=" ">
            <subfield code="a">Conservatorio Statale di Musica L. D'Annunzio, Biblioteca</subfield>
            <subfield code="c">Pescara</subfield>
            <subfield code="g">I-PSRc</subfield>
         </datafield>
         <datafield tag="622" ind1=" " ind2=" ">
            <subfield code="e">Conservatorio Statale di Musica L., D'Annunzio, Biblioteca, Via L. Muzii 7, I-65100 Pescara., Regione Abruzzo</subfield>
         </datafield>
      </record>