
      <record>
         <leader>00000nz  a2200169   4500</leader>
         <controlfield tag="001">30080085</controlfield>
         <controlfield tag="003">RISM</controlfield>
         <controlfield tag="005">20160216</controlfield>
         <controlfield tag="008">160216n||az|||||||##########||||||||||||</controlfield>
         <datafield tag="040" ind1=" " ind2=" ">
            <subfield code="a">I-PZAc</subfield>
         </datafield>
         <datafield tag="043" ind1=" " ind2=" ">
            <subfield code="c">XA-IT</subfield>
         </datafield>
         <datafield tag="110" ind1="2" ind2=" ">
            <subfield code="a">Biblioteca comunale “Alceste e Remigio Roccella”</subfield>
            <subfield code="c">Piazza Armerina</subfield>
            <subfield code="g">I-PZAc</subfield>
         </datafield>
         <datafield tag="622" ind1=" " ind2=" ">
            <subfield code="e">Biblioteca comunale “Alceste e Remigio,  Roccella”, Via Vittorio Emanuele, 20, 94015 Piazza Armerina (EN), Italy</subfield>
            <subfield code="u">http://goo.gl/Cj9fO2</subfield>
         </datafield>
      </record>