
      <record>
         <leader>00000nz  a2200169   4500</leader>
         <controlfield tag="001">30001923</controlfield>
         <controlfield tag="003">RISM</controlfield>
         <controlfield tag="005">20160216</controlfield>
         <controlfield tag="008">160216n||az|||||||##########||||||||||||</controlfield>
         <datafield tag="040" ind1=" " ind2=" ">
            <subfield code="a">I-RA</subfield>
         </datafield>
         <datafield tag="043" ind1=" " ind2=" ">
            <subfield code="c">XA-IT</subfield>
         </datafield>
         <datafield tag="110" ind1="2" ind2=" ">
            <subfield code="a">Archivio capitolare del Duomo (Basilica Ursiana)</subfield>
            <subfield code="c">Ravenna</subfield>
            <subfield code="g">I-RA</subfield>
         </datafield>
         <datafield tag="410" ind1="2" ind2=" ">
            <subfield code="a">Biblioteca capitolare del Duomo (Basilica Ursiana)</subfield>
         </datafield>
         <datafield tag="580" ind1=" " ind2=" ">
            <subfield code="x">I-RAs</subfield>
            <subfield code="0">30003517</subfield>
         </datafield>
      </record>