
      <record>
         <leader>00000nz  a2200169   4500</leader>
         <controlfield tag="001">30005905</controlfield>
         <controlfield tag="003">RISM</controlfield>
         <controlfield tag="005">20160216</controlfield>
         <controlfield tag="008">160216n||az|||||||##########||||||||||||</controlfield>
         <datafield tag="040" ind1=" " ind2=" ">
            <subfield code="a">I-Raa</subfield>
         </datafield>
         <datafield tag="043" ind1=" " ind2=" ">
            <subfield code="c">XA-IT</subfield>
         </datafield>
         <datafield tag="110" ind1="2" ind2=" ">
            <subfield code="a">Biblioteca del Pontificio Ateneo Antoniano</subfield>
            <subfield code="c">Roma</subfield>
            <subfield code="g">I-Raa</subfield>
         </datafield>
         <datafield tag="622" ind1=" " ind2=" ">
            <subfield code="e">Biblioteca del Pontificio Ateneo,  Antoniano, Via Merulana, 124, 00185 Roma (RM), Italy</subfield>
            <subfield code="u">http://www.antonianum.eu/it/biblioteca</subfield>
         </datafield>
      </record>