
      <record>
         <leader>00000nz  a2200169   4500</leader>
         <controlfield tag="001">30005352</controlfield>
         <controlfield tag="003">RISM</controlfield>
         <controlfield tag="005">20160216</controlfield>
         <controlfield tag="008">160216n||az|||||||##########||||||||||||</controlfield>
         <datafield tag="040" ind1=" " ind2=" ">
            <subfield code="a">I-RAaa</subfield>
         </datafield>
         <datafield tag="043" ind1=" " ind2=" ">
            <subfield code="c">XA-IT</subfield>
         </datafield>
         <datafield tag="110" ind1="2" ind2=" ">
            <subfield code="a">Archivio Storico Arcivescovile</subfield>
            <subfield code="c">Ravenna</subfield>
            <subfield code="g">I-RAaa</subfield>
         </datafield>
         <datafield tag="622" ind1=" " ind2=" ">
            <subfield code="e">Archivio Storico Arcivescovile, Via Canneti 3, I-48100 Ravenna. Regione, Emilia Romagna</subfield>
         </datafield>
      </record>