
      <record>
         <leader>00000nz  a2200169   4500</leader>
         <controlfield tag="001">30003505</controlfield>
         <controlfield tag="003">RISM</controlfield>
         <controlfield tag="005">20160216</controlfield>
         <controlfield tag="008">160216n||az|||||||##########||||||||||||</controlfield>
         <datafield tag="040" ind1=" " ind2=" ">
            <subfield code="a">I-Rac</subfield>
         </datafield>
         <datafield tag="043" ind1=" " ind2=" ">
            <subfield code="c">XA-IT</subfield>
         </datafield>
         <datafield tag="110" ind1="2" ind2=" ">
            <subfield code="a">Biblioteca dell'Accademia di Francia</subfield>
            <subfield code="c">Roma</subfield>
            <subfield code="g">I-Rac</subfield>
         </datafield>
         <datafield tag="410" ind1="2" ind2=" ">
            <subfield code="a">Bibliothèque de l'Académie de France à Rome</subfield>
         </datafield>
         <datafield tag="622" ind1=" " ind2=" ">
            <subfield code="e">Biblioteca dell'Accademia di Francia, Villa Medici, Viale Trinità dei Monti, 1, 00187 Roma (RM), Italy</subfield>
            <subfield code="u">http://www.villamedici.it</subfield>
         </datafield>
      </record>