
      <record>
         <leader>00000nz  a2200169   4500</leader>
         <controlfield tag="001">30000258</controlfield>
         <controlfield tag="003">RISM</controlfield>
         <controlfield tag="005">20160216</controlfield>
         <controlfield tag="008">160216n||az|||||||##########||||||||||||</controlfield>
         <datafield tag="040" ind1=" " ind2=" ">
            <subfield code="a">I-Raf</subfield>
         </datafield>
         <datafield tag="043" ind1=" " ind2=" ">
            <subfield code="c">XA-IT</subfield>
         </datafield>
         <datafield tag="110" ind1="2" ind2=" ">
            <subfield code="a">Biblioteca dell'Accademia filarmonica romana</subfield>
            <subfield code="c">Roma</subfield>
            <subfield code="g">I-Raf</subfield>
         </datafield>
         <datafield tag="622" ind1=" " ind2=" ">
            <subfield code="e">Biblioteca dell'Accademia filarmonica,  romana, Via Flaminia, 118, 00196 Roma (RM), Italy</subfield>
            <subfield code="u">http://www.filarmonicaromana.org</subfield>
         </datafield>
      </record>