
      <record>
         <leader>00000nz  a2200169   4500</leader>
         <controlfield tag="001">30004923</controlfield>
         <controlfield tag="003">RISM</controlfield>
         <controlfield tag="005">20160216</controlfield>
         <controlfield tag="008">160216n||az|||||||##########||||||||||||</controlfield>
         <datafield tag="040" ind1=" " ind2=" ">
            <subfield code="a">I-RAi</subfield>
         </datafield>
         <datafield tag="043" ind1=" " ind2=" ">
            <subfield code="c">XA-IT</subfield>
         </datafield>
         <datafield tag="110" ind1="2" ind2=" ">
            <subfield code="a">Istituto Musicale Pereggiato Giuseppe Verdi, Biblioteca</subfield>
            <subfield code="c">Ravenna</subfield>
            <subfield code="g">I-RAi</subfield>
         </datafield>
         <datafield tag="622" ind1=" " ind2=" ">
            <subfield code="e">Istituto Musicale Pereggiato Giuseppe, Verdi, Biblioteca, Via di Roma 33, I-48100 Ravenna., Regione Emilia Romagna</subfield>
         </datafield>
      </record>