
      <record>
         <leader>00000nz  a2200169   4500</leader>
         <controlfield tag="001">30005375</controlfield>
         <controlfield tag="003">RISM</controlfield>
         <controlfield tag="005">20160216</controlfield>
         <controlfield tag="008">160216n||az|||||||##########||||||||||||</controlfield>
         <datafield tag="040" ind1=" " ind2=" ">
            <subfield code="a">I-Rama</subfield>
         </datafield>
         <datafield tag="043" ind1=" " ind2=" ">
            <subfield code="c">XA-IT</subfield>
         </datafield>
         <datafield tag="110" ind1="2" ind2=" ">
            <subfield code="a">Bibliomediateca dell'Accademia nazionale di S. Cecilia</subfield>
            <subfield code="c">Roma</subfield>
            <subfield code="g">I-Rama</subfield>
         </datafield>
         <datafield tag="410" ind1="2" ind2=" ">
            <subfield code="a">Archivio storico</subfield>
         </datafield>
         <datafield tag="410" ind1="2" ind2=" ">
            <subfield code="a">Archivi di Etnomusicologia</subfield>
         </datafield>
         <datafield tag="622" ind1=" " ind2=" ">
            <subfield code="e">Bibliomediateca dell'Accademia nazionale,  di S. Cecilia, Parco della Musica, Largo Luciano Berio, 3, 00196 Roma (RM), Italy</subfield>
            <subfield code="u">http://www.santacecilia.it</subfield>
         </datafield>
      </record>