
      <record>
         <leader>00000nz  a2200169   4500</leader>
         <controlfield tag="001">30080382</controlfield>
         <controlfield tag="003">RISM</controlfield>
         <controlfield tag="005">20160216</controlfield>
         <controlfield tag="008">160216n||az|||||||##########||||||||||||</controlfield>
         <datafield tag="040" ind1=" " ind2=" ">
            <subfield code="a">I-Rame</subfield>
         </datafield>
         <datafield tag="043" ind1=" " ind2=" ">
            <subfield code="c">XA-IT</subfield>
         </datafield>
         <datafield tag="110" ind1="2" ind2=" ">
            <subfield code="a">Biblioteca dell'American Academy in Rome - Arthur &amp; Janet C. Ross Library</subfield>
            <subfield code="c">Roma</subfield>
            <subfield code="g">I-Rame</subfield>
         </datafield>
         <datafield tag="622" ind1=" " ind2=" ">
            <subfield code="e">Biblioteca dell'American Academy in Rome,  - Arthur &amp; Janet C. Ross Library, Via Angelo Masina, 5, 00153 Roma (RM), Italy</subfield>
            <subfield code="u">http://www.aarome.org/</subfield>
         </datafield>
      </record>