
      <record>
         <leader>00000nz  a2200169   4500</leader>
         <controlfield tag="001">30003517</controlfield>
         <controlfield tag="003">RISM</controlfield>
         <controlfield tag="005">20160216</controlfield>
         <controlfield tag="008">160216n||az|||||||##########||||||||||||</controlfield>
         <datafield tag="040" ind1=" " ind2=" ">
            <subfield code="a">I-RAs</subfield>
         </datafield>
         <datafield tag="043" ind1=" " ind2=" ">
            <subfield code="c">XA-IT</subfield>
         </datafield>
         <datafield tag="110" ind1="2" ind2=" ">
            <subfield code="a">Biblioteca del Seminario arcivescovile dei SS. Angeli Custodi</subfield>
            <subfield code="c">Ravenna</subfield>
            <subfield code="g">I-RAs</subfield>
         </datafield>
         <datafield tag="622" ind1=" " ind2=" ">
            <subfield code="e">Biblioteca del Seminario arcivescovile,  dei SS. Angeli Custodi, Piazza del Duomo, 4, 48121 Ravenna (RA), Italy</subfield>
            <subfield code="u">http://goo.gl/JjCG0d</subfield>
         </datafield>
      </record>