
      <record>
         <leader>00000nz  a2200169   4500</leader>
         <controlfield tag="001">30004700</controlfield>
         <controlfield tag="003">RISM</controlfield>
         <controlfield tag="005">20160216</controlfield>
         <controlfield tag="008">160216n||az|||||||##########||||||||||||</controlfield>
         <datafield tag="040" ind1=" " ind2=" ">
            <subfield code="a">I-Rasv</subfield>
         </datafield>
         <datafield tag="110" ind1="2" ind2=" ">
            <subfield code="a">Archivio Segreto Vaticano</subfield>
            <subfield code="c">Città del Vaticano</subfield>
            <subfield code="g">I-Rasv</subfield>
         </datafield>
      </record>