
      <record>
         <leader>00000nz  a2200169   4500</leader>
         <controlfield tag="001">30080392</controlfield>
         <controlfield tag="003">RISM</controlfield>
         <controlfield tag="005">20160216</controlfield>
         <controlfield tag="008">160216n||az|||||||##########||||||||||||</controlfield>
         <datafield tag="040" ind1=" " ind2=" ">
            <subfield code="a">I-Rbe</subfield>
         </datafield>
         <datafield tag="043" ind1=" " ind2=" ">
            <subfield code="c">XA-IT</subfield>
         </datafield>
         <datafield tag="110" ind1="2" ind2=" ">
            <subfield code="a">Archivio della Banda musicale dell'Esercito italiano</subfield>
            <subfield code="c">Roma</subfield>
            <subfield code="g">I-Rbe</subfield>
         </datafield>
         <datafield tag="622" ind1=" " ind2=" ">
            <subfield code="e">Archivio della Banda musicale,  dell'Esercito italiano, Caserma "G. Mameli", Via G. Pelosi, 22, 00143 Roma (RM), Italy</subfield>
            <subfield code="u">http://goo.gl/TfXFxi</subfield>
         </datafield>
      </record>