
      <record>
         <leader>00000nz  a2200169   4500</leader>
         <controlfield tag="001">30080393</controlfield>
         <controlfield tag="003">RISM</controlfield>
         <controlfield tag="005">20160216</controlfield>
         <controlfield tag="008">160216n||az|||||||##########||||||||||||</controlfield>
         <datafield tag="040" ind1=" " ind2=" ">
            <subfield code="a">I-Rbf</subfield>
         </datafield>
         <datafield tag="043" ind1=" " ind2=" ">
            <subfield code="c">XA-IT</subfield>
         </datafield>
         <datafield tag="110" ind1="2" ind2=" ">
            <subfield code="a">Archivio della Banda musicale della Guardia di Finanza</subfield>
            <subfield code="c">Roma</subfield>
            <subfield code="g">I-Rbf</subfield>
         </datafield>
         <datafield tag="622" ind1=" " ind2=" ">
            <subfield code="e">Archivio della Banda musicale della,  Guardia di Finanza, Via della Batteria di Porta Furba, 34, 00181 Roma (RM), Italy</subfield>
            <subfield code="u">http://www.gdf.gov.it/GdF/it/La_banda_musicale/</subfield>
         </datafield>
      </record>