
      <record>
         <leader>00000nz  a2200169   4500</leader>
         <controlfield tag="001">30080394</controlfield>
         <controlfield tag="003">RISM</controlfield>
         <controlfield tag="005">20160216</controlfield>
         <controlfield tag="008">160216n||az|||||||##########||||||||||||</controlfield>
         <datafield tag="040" ind1=" " ind2=" ">
            <subfield code="a">I-Rbm</subfield>
         </datafield>
         <datafield tag="043" ind1=" " ind2=" ">
            <subfield code="c">XA-IT</subfield>
         </datafield>
         <datafield tag="110" ind1="2" ind2=" ">
            <subfield code="a">Archivio della Banda musicale della Marina militare</subfield>
            <subfield code="c">Roma</subfield>
            <subfield code="g">I-Rbm</subfield>
         </datafield>
         <datafield tag="622" ind1=" " ind2=" ">
            <subfield code="e">Archivio della Banda musicale della,  Marina militare, Via della Storta, 727, 00123 Roma (RM), Italy</subfield>
            <subfield code="u">http://www.marina.difesa.it/storiacultura/bandamusicale/Pagine/default.aspx</subfield>
         </datafield>
      </record>