
      <record>
         <leader>00000nz  a2200169   4500</leader>
         <controlfield tag="001">30005588</controlfield>
         <controlfield tag="003">RISM</controlfield>
         <controlfield tag="005">20160216</controlfield>
         <controlfield tag="008">160216n||az|||||||##########||||||||||||</controlfield>
         <datafield tag="040" ind1=" " ind2=" ">
            <subfield code="a">I-Rcaetani</subfield>
         </datafield>
         <datafield tag="043" ind1=" " ind2=" ">
            <subfield code="c">XA-IT</subfield>
         </datafield>
         <datafield tag="110" ind1="2" ind2=" ">
            <subfield code="a">Biblioteca e Archivio privati della Fondazione C. Caetani di Sermoneta</subfield>
            <subfield code="c">Roma</subfield>
            <subfield code="g">I-Rcaetani</subfield>
         </datafield>
         <datafield tag="622" ind1=" " ind2=" ">
            <subfield code="e">Biblioteca e Archivio privati della,  Fondazione C. Caetani di Sermoneta, Via delle Botteghe Oscure, 32, 00187 Roma (RM), Italy</subfield>
         </datafield>
      </record>