
      <record>
         <leader>00000nz  a2200169   4500</leader>
         <controlfield tag="001">30005896</controlfield>
         <controlfield tag="003">RISM</controlfield>
         <controlfield tag="005">20160216</controlfield>
         <controlfield tag="008">160216n||az|||||||##########||||||||||||</controlfield>
         <datafield tag="040" ind1=" " ind2=" ">
            <subfield code="a">I-RCcd</subfield>
         </datafield>
         <datafield tag="043" ind1=" " ind2=" ">
            <subfield code="c">XA-IT</subfield>
         </datafield>
         <datafield tag="110" ind1="2" ind2=" ">
            <subfield code="a">Convento Dominicano di S. Domenico, Biblioteca</subfield>
            <subfield code="c">Reggio Calabria</subfield>
            <subfield code="g">I-RCcd</subfield>
         </datafield>
         <datafield tag="622" ind1=" " ind2=" ">
            <subfield code="e">Convento Dominicano di S. Domenico,, Biblioteca, Via Reggio Campi 77, I-89126 Reggio, Calabria. Regione Calabria</subfield>
         </datafield>
      </record>