
      <record>
         <leader>00000nz  a2200169   4500</leader>
         <controlfield tag="001">30005376</controlfield>
         <controlfield tag="003">RISM</controlfield>
         <controlfield tag="005">20160216</controlfield>
         <controlfield tag="008">160216n||az|||||||##########||||||||||||</controlfield>
         <datafield tag="040" ind1=" " ind2=" ">
            <subfield code="a">I-Rce</subfield>
         </datafield>
         <datafield tag="043" ind1=" " ind2=" ">
            <subfield code="c">XA-IT</subfield>
         </datafield>
         <datafield tag="110" ind1="2" ind2=" ">
            <subfield code="a">Accademia Nazionale di S. Cecilia, Archivi di Etnomusicologia, Biblioteca</subfield>
            <subfield code="c">Roma</subfield>
            <subfield code="g">I-Rce</subfield>
         </datafield>
         <datafield tag="410" ind1="2" ind2=" ">
            <subfield code="a">Accademia Nazionale di S. Cecilia, Centro di Etnomusicologia, Biblioteca</subfield>
         </datafield>
         <datafield tag="622" ind1=" " ind2=" ">
            <subfield code="e">Accademia Nazionale di S. Cecilia,, Archivi di Etnomusicologia, Biblioteca, Via Vittoria 6, I-00187 Roma. Regione, Lazio</subfield>
         </datafield>
      </record>