
      <record>
         <leader>00000nz  a2200169   4500</leader>
         <controlfield tag="001">30080450</controlfield>
         <controlfield tag="003">RISM</controlfield>
         <controlfield tag="005">20160216</controlfield>
         <controlfield tag="008">160216n||az|||||||##########||||||||||||</controlfield>
         <datafield tag="040" ind1=" " ind2=" ">
            <subfield code="a">I-Rcep</subfield>
         </datafield>
         <datafield tag="043" ind1=" " ind2=" ">
            <subfield code="c">XA-IT</subfield>
         </datafield>
         <datafield tag="110" ind1="2" ind2=" ">
            <subfield code="a">Congregazione per l'evangelizzazione dei popoli, l'archivio storico</subfield>
            <subfield code="c">Roma</subfield>
            <subfield code="g">I-Rcep</subfield>
         </datafield>
         <datafield tag="622" ind1=" " ind2=" ">
            <subfield code="e">Congregazione per l'evangelizzazione dei,  popoli, l'archivio storico, Piazza di Spagna, 48, 00187 Roma (RM), Italy</subfield>
            <subfield code="u">http://www.vatican.va/roman_curia/congregations/cevang/index_it.htm</subfield>
         </datafield>
      </record>