
      <record>
         <leader>00000nz  a2200169   4500</leader>
         <controlfield tag="001">30003112</controlfield>
         <controlfield tag="003">RISM</controlfield>
         <controlfield tag="005">20160216</controlfield>
         <controlfield tag="008">160216n||az|||||||##########||||||||||||</controlfield>
         <datafield tag="040" ind1=" " ind2=" ">
            <subfield code="a">I-Rcg</subfield>
         </datafield>
         <datafield tag="043" ind1=" " ind2=" ">
            <subfield code="c">XA-IT</subfield>
         </datafield>
         <datafield tag="110" ind1="2" ind2=" ">
            <subfield code="a">Archivio della Curia Generalizia dei Padri Gesuiti</subfield>
            <subfield code="c">Roma</subfield>
            <subfield code="g">I-Rcg</subfield>
         </datafield>
         <datafield tag="410" ind1="2" ind2=" ">
            <subfield code="a">Biblioteca della Curia Generalizia dei Padri Gesuiti</subfield>
         </datafield>
         <datafield tag="410" ind1="2" ind2=" ">
            <subfield code="a">Archivum Romanum Societatis Iesu</subfield>
         </datafield>
         <datafield tag="622" ind1=" " ind2=" ">
            <subfield code="e">Archivio della Curia Generalizia dei,  Padri Gesuiti, Borgo Santo Spirito, 3, 00193 Roma (RM), Italy</subfield>
            <subfield code="u">http://www.sjweb.info/arsi/</subfield>
         </datafield>
      </record>