
      <record>
         <leader>00000nz  a2200169   4500</leader>
         <controlfield tag="001">30000145</controlfield>
         <controlfield tag="003">RISM</controlfield>
         <controlfield tag="005">20160216</controlfield>
         <controlfield tag="008">160216n||az|||||||##########||||||||||||</controlfield>
         <datafield tag="040" ind1=" " ind2=" ">
            <subfield code="a">I-Rchg</subfield>
         </datafield>
         <datafield tag="043" ind1=" " ind2=" ">
            <subfield code="c">XA-IT</subfield>
         </datafield>
         <datafield tag="110" ind1="2" ind2=" ">
            <subfield code="a">Archivio della Chiesa del Gesú</subfield>
            <subfield code="c">Roma</subfield>
            <subfield code="g">I-Rchg</subfield>
         </datafield>
         <datafield tag="622" ind1=" " ind2=" ">
            <subfield code="e">Archivio della Chiesa del Gesú, Via degli Astalli, 16, 00186 Roma (RM), Italy</subfield>
         </datafield>
      </record>