
      <record>
         <leader>00000nz  a2200169   4500</leader>
         <controlfield tag="001">30080396</controlfield>
         <controlfield tag="003">RISM</controlfield>
         <controlfield tag="005">20160216</controlfield>
         <controlfield tag="008">160216n||az|||||||##########||||||||||||</controlfield>
         <datafield tag="040" ind1=" " ind2=" ">
            <subfield code="a">I-Rcj</subfield>
         </datafield>
         <datafield tag="043" ind1=" " ind2=" ">
            <subfield code="c">XA-IT</subfield>
         </datafield>
         <datafield tag="110" ind1="2" ind2=" ">
            <subfield code="a">Casa del Jazz, Biblioteca</subfield>
            <subfield code="c">Roma</subfield>
            <subfield code="g">I-Rcj</subfield>
         </datafield>
         <datafield tag="622" ind1=" " ind2=" ">
            <subfield code="e">Casa del Jazz, Biblioteca, Viale di Porta Ardeatina, 55, 00154 Roma (RM), Italy</subfield>
            <subfield code="u">http://www.casajazz.it/pagine/biblioteca</subfield>
         </datafield>
      </record>