
      <record>
         <leader>00000nz  a2200169   4500</leader>
         <controlfield tag="001">30005351</controlfield>
         <controlfield tag="003">RISM</controlfield>
         <controlfield tag="005">20160216</controlfield>
         <controlfield tag="008">160216n||az|||||||##########||||||||||||</controlfield>
         <datafield tag="040" ind1=" " ind2=" ">
            <subfield code="a">I-RCNca</subfield>
         </datafield>
         <datafield tag="043" ind1=" " ind2=" ">
            <subfield code="c">XA-IT</subfield>
         </datafield>
         <datafield tag="110" ind1="2" ind2=" ">
            <subfield code="a">Castello Reale, Biblioteca</subfield>
            <subfield code="c">Racconigi</subfield>
            <subfield code="g">I-RCNca</subfield>
         </datafield>
         <datafield tag="410" ind1="2" ind2=" ">
            <subfield code="a">Castello, Biblioteca</subfield>
         </datafield>
         <datafield tag="622" ind1=" " ind2=" ">
            <subfield code="e">Castello Reale, Biblioteca, Piazza Carlo Alberto, I-12035 Racconigi, (CN). Regione Piemonte</subfield>
         </datafield>
      </record>