
      <record>
         <leader>00000nz  a2200169   4500</leader>
         <controlfield tag="001">30004905</controlfield>
         <controlfield tag="003">RISM</controlfield>
         <controlfield tag="005">20160216</controlfield>
         <controlfield tag="008">160216n||az|||||||##########||||||||||||</controlfield>
         <datafield tag="040" ind1=" " ind2=" ">
            <subfield code="a">I-Rct</subfield>
         </datafield>
         <datafield tag="043" ind1=" " ind2=" ">
            <subfield code="c">XA-IT</subfield>
         </datafield>
         <datafield tag="110" ind1="2" ind2=" ">
            <subfield code="a">Biblioteca e Archivio del Pontificio Collegio Teutonico di S. Maria dell'Anima</subfield>
            <subfield code="c">Roma</subfield>
            <subfield code="g">I-Rct</subfield>
         </datafield>
         <datafield tag="622" ind1=" " ind2=" ">
            <subfield code="e">Biblioteca e Archivio del Pontificio,  Collegio Teutonico di S. Maria,  dell'Anima, Via della Pace, 20, 00186 Roma (RM), Italy</subfield>
            <subfield code="u">http://www.pisma.it/</subfield>
         </datafield>
      </record>