
      <record>
         <leader>00000nz  a2200169   4500</leader>
         <controlfield tag="001">30005578</controlfield>
         <controlfield tag="003">RISM</controlfield>
         <controlfield tag="005">20160216</controlfield>
         <controlfield tag="008">160216n||az|||||||##########||||||||||||</controlfield>
         <datafield tag="040" ind1=" " ind2=" ">
            <subfield code="a">I-RDGc</subfield>
         </datafield>
         <datafield tag="043" ind1=" " ind2=" ">
            <subfield code="c">XA-IT</subfield>
         </datafield>
         <datafield tag="110" ind1="2" ind2=" ">
            <subfield code="a">Biblioteca Civica</subfield>
            <subfield code="c">Riva del Garda</subfield>
            <subfield code="g">I-RDGc</subfield>
         </datafield>
         <datafield tag="622" ind1=" " ind2=" ">
            <subfield code="e">Biblioteca Civica, Via D. Chiesa, I-38066 Riva del Garda, (TN). Regione Trentino Alto Adige</subfield>
         </datafield>
      </record>