
      <record>
         <leader>00000nz  a2200169   4500</leader>
         <controlfield tag="001">30003507</controlfield>
         <controlfield tag="003">RISM</controlfield>
         <controlfield tag="005">20160216</controlfield>
         <controlfield tag="008">160216n||az|||||||##########||||||||||||</controlfield>
         <datafield tag="040" ind1=" " ind2=" ">
            <subfield code="a">I-Rdi</subfield>
         </datafield>
         <datafield tag="043" ind1=" " ind2=" ">
            <subfield code="c">XA-IT</subfield>
         </datafield>
         <datafield tag="110" ind1="2" ind2=" ">
            <subfield code="a">Biblioteca dell'Istituto centrale per i beni sonori ed audiovisivi</subfield>
            <subfield code="c">Roma</subfield>
            <subfield code="g">I-Rdi</subfield>
         </datafield>
         <datafield tag="410" ind1="2" ind2=" ">
            <subfield code="a">Discoteca di Stato e Museo dell'Audiovisivo</subfield>
         </datafield>
         <datafield tag="622" ind1=" " ind2=" ">
            <subfield code="e">Biblioteca dell'Istituto centrale per i,  beni sonori ed audiovisivi, Via Michelangelo Caetani, 32, 00186 Roma (RM), Italy</subfield>
            <subfield code="u">http://www.icbsa.it/</subfield>
         </datafield>
      </record>