
      <record>
         <leader>00000nz  a2200169   4500</leader>
         <controlfield tag="001">30005361</controlfield>
         <controlfield tag="003">RISM</controlfield>
         <controlfield tag="005">20160216</controlfield>
         <controlfield tag="008">160216n||az|||||||##########||||||||||||</controlfield>
         <datafield tag="040" ind1=" " ind2=" ">
            <subfield code="a">I-RDMsm</subfield>
         </datafield>
         <datafield tag="043" ind1=" " ind2=" ">
            <subfield code="c">XA-IT</subfield>
         </datafield>
         <datafield tag="110" ind1="2" ind2=" ">
            <subfield code="a">Chiesa Parrocchiale di S. Maria delle Neve, Museo</subfield>
            <subfield code="c">Rocca di Mezzo</subfield>
            <subfield code="g">I-RDMsm</subfield>
         </datafield>
         <datafield tag="622" ind1=" " ind2=" ">
            <subfield code="e">Chiesa Parrocchiale di S. Maria delle, Neve, Museo, Piazza Oratorio, I-67040 Rocca di Mezzo, (AQ). Regione Abruzzo</subfield>
         </datafield>
      </record>