
      <record>
         <leader>00000nz  a2200169   4500</leader>
         <controlfield tag="001">30001925</controlfield>
         <controlfield tag="003">RISM</controlfield>
         <controlfield tag="005">20160216</controlfield>
         <controlfield tag="008">160216n||az|||||||##########||||||||||||</controlfield>
         <datafield tag="040" ind1=" " ind2=" ">
            <subfield code="a">I-REas</subfield>
         </datafield>
         <datafield tag="043" ind1=" " ind2=" ">
            <subfield code="c">XA-IT</subfield>
         </datafield>
         <datafield tag="110" ind1="2" ind2=" ">
            <subfield code="a">Archivio di Stato</subfield>
            <subfield code="c">Reggio nell'Emilia</subfield>
            <subfield code="g">I-REas</subfield>
         </datafield>
         <datafield tag="622" ind1=" " ind2=" ">
            <subfield code="e">Archivio di Stato, Corso Cairoli, 6, 42121 Reggio nell'Emilia (RE), Italy</subfield>
            <subfield code="u">http://www.archiviodistatoreggioemilia.beniculturali.it/</subfield>
         </datafield>
      </record>