
      <record>
         <leader>00000nz  a2200169   4500</leader>
         <controlfield tag="001">30005898</controlfield>
         <controlfield tag="003">RISM</controlfield>
         <controlfield tag="005">20160216</controlfield>
         <controlfield tag="008">160216n||az|||||||##########||||||||||||</controlfield>
         <datafield tag="040" ind1=" " ind2=" ">
            <subfield code="a">I-REbc</subfield>
         </datafield>
         <datafield tag="043" ind1=" " ind2=" ">
            <subfield code="c">XA-IT</subfield>
         </datafield>
         <datafield tag="110" ind1="2" ind2=" ">
            <subfield code="a">Biblioteca Provinciale Cappuccini</subfield>
            <subfield code="c">Reggio nell'Emilia</subfield>
            <subfield code="g">I-REbc</subfield>
         </datafield>
         <datafield tag="622" ind1=" " ind2=" ">
            <subfield code="e">Biblioteca Provinciale Cappuccini, Via Ferrari Bonini, 2, 42100 Reggio nell'Emilia (RE), Italy</subfield>
         </datafield>
      </record>