
      <record>
         <leader>00000nz  a2200169   4500</leader>
         <controlfield tag="001">30005579</controlfield>
         <controlfield tag="003">RISM</controlfield>
         <controlfield tag="005">20160216</controlfield>
         <controlfield tag="008">160216n||az|||||||##########||||||||||||</controlfield>
         <datafield tag="040" ind1=" " ind2=" ">
            <subfield code="a">I-RECb</subfield>
         </datafield>
         <datafield tag="043" ind1=" " ind2=" ">
            <subfield code="c">XA-IT</subfield>
         </datafield>
         <datafield tag="110" ind1="2" ind2=" ">
            <subfield code="a">Banda Musicale B. Gigli, Archivio</subfield>
            <subfield code="c">Recanati</subfield>
            <subfield code="g">I-RECb</subfield>
         </datafield>
         <datafield tag="622" ind1=" " ind2=" ">
            <subfield code="e">Banda Musicale B. Gigli, Archivio, c/o Municipio, Via Leopardi 26, I-62019, Recanati (AN). Regione Marche</subfield>
         </datafield>
      </record>