
      <record>
         <leader>00000nz  a2200169   4500</leader>
         <controlfield tag="001">30005581</controlfield>
         <controlfield tag="003">RISM</controlfield>
         <controlfield tag="005">20160216</controlfield>
         <controlfield tag="008">160216n||az|||||||##########||||||||||||</controlfield>
         <datafield tag="040" ind1=" " ind2=" ">
            <subfield code="a">I-RECm</subfield>
         </datafield>
         <datafield tag="043" ind1=" " ind2=" ">
            <subfield code="c">XA-IT</subfield>
         </datafield>
         <datafield tag="110" ind1="2" ind2=" ">
            <subfield code="a">Pinacoteca-Museo Gigli</subfield>
            <subfield code="c">Recanati</subfield>
            <subfield code="g">I-RECm</subfield>
         </datafield>
         <datafield tag="410" ind1="2" ind2=" ">
            <subfield code="a">Museo Gigli, Pinacoteca</subfield>
         </datafield>
         <datafield tag="622" ind1=" " ind2=" ">
            <subfield code="e">Pinacoteca-Museo Gigli, Via Pintucci Cavalieri 12, I-62019, Recanati (AN). Regione Marche</subfield>
         </datafield>
      </record>