
      <record>
         <leader>00000nz  a2200169   4500</leader>
         <controlfield tag="001">30001926</controlfield>
         <controlfield tag="003">RISM</controlfield>
         <controlfield tag="005">20160216</controlfield>
         <controlfield tag="008">160216n||az|||||||##########||||||||||||</controlfield>
         <datafield tag="040" ind1=" " ind2=" ">
            <subfield code="a">I-REd</subfield>
         </datafield>
         <datafield tag="043" ind1=" " ind2=" ">
            <subfield code="c">XA-IT</subfield>
         </datafield>
         <datafield tag="110" ind1="2" ind2=" ">
            <subfield code="a">Biblioteca capitolare</subfield>
            <subfield code="c">Reggio nell'Emilia</subfield>
            <subfield code="g">I-REd</subfield>
         </datafield>
         <datafield tag="410" ind1="2" ind2=" ">
            <subfield code="a">Biblioteca del Seminario vescovile</subfield>
         </datafield>
         <datafield tag="622" ind1=" " ind2=" ">
            <subfield code="e">Biblioteca capitolare, c/o Biblioteca del Seminario vescovile, Viale Timavo, 93, 42121 Reggio nell'Emilia (RE), Italy</subfield>
            <subfield code="u">http://bsvreggioemilia.altervista.org/?page_id=1718</subfield>
         </datafield>
      </record>