
      <record>
         <leader>00000nz  a2200169   4500</leader>
         <controlfield tag="001">30001901</controlfield>
         <controlfield tag="003">RISM</controlfield>
         <controlfield tag="005">20160216</controlfield>
         <controlfield tag="008">160216n||az|||||||##########||||||||||||</controlfield>
         <datafield tag="040" ind1=" " ind2=" ">
            <subfield code="a">I-Rf</subfield>
         </datafield>
         <datafield tag="043" ind1=" " ind2=" ">
            <subfield code="c">XA-IT</subfield>
         </datafield>
         <datafield tag="110" ind1="2" ind2=" ">
            <subfield code="a">Archivio della Congregazione dell'Oratorio di S. Filippo Neri</subfield>
            <subfield code="c">Roma</subfield>
            <subfield code="g">I-Rf</subfield>
         </datafield>
         <datafield tag="410" ind1="2" ind2=" ">
            <subfield code="a">Archivio dei Padri dell'Oratorio della Chiesa Nuova (Filippini)</subfield>
         </datafield>
         <datafield tag="622" ind1=" " ind2=" ">
            <subfield code="e">Archivio della Congregazione,  dell'Oratorio di S. Filippo Neri, Via del Governo Vecchio, 134, 00186 Roma (RM), Italy</subfield>
            <subfield code="u">http://www.aco-roma.org/home.html</subfield>
         </datafield>
      </record>