
      <record>
         <leader>00000nz  a2200169   4500</leader>
         <controlfield tag="001">30080386</controlfield>
         <controlfield tag="003">RISM</controlfield>
         <controlfield tag="005">20160216</controlfield>
         <controlfield tag="008">160216n||az|||||||##########||||||||||||</controlfield>
         <datafield tag="040" ind1=" " ind2=" ">
            <subfield code="a">I-Rfac</subfield>
         </datafield>
         <datafield tag="043" ind1=" " ind2=" ">
            <subfield code="c">XA-IT</subfield>
         </datafield>
         <datafield tag="110" ind1="2" ind2=" ">
            <subfield code="a">Fondazione Adkins Chiti: Donne in Musica</subfield>
            <subfield code="c">Roma</subfield>
            <subfield code="g">I-Rfac</subfield>
         </datafield>
         <datafield tag="622" ind1=" " ind2=" ">
            <subfield code="e">Fondazione Adkins Chiti: Donne in Musica, Biblioteca c/o Teatro Comunale, Via Riboty, 23, 00195 Roma (RM), Italy</subfield>
            <subfield code="u">http://www.donneinmusica.org</subfield>
         </datafield>
      </record>