
      <record>
         <leader>00000nz  a2200169   4500</leader>
         <controlfield tag="001">30005393</controlfield>
         <controlfield tag="003">RISM</controlfield>
         <controlfield tag="005">20160216</controlfield>
         <controlfield tag="008">160216n||az|||||||##########||||||||||||</controlfield>
         <datafield tag="040" ind1=" " ind2=" ">
            <subfield code="a">I-Rfr</subfield>
         </datafield>
         <datafield tag="043" ind1=" " ind2=" ">
            <subfield code="c">XA-IT</subfield>
         </datafield>
         <datafield tag="110" ind1="2" ind2=" ">
            <subfield code="a">Biblioteca Angelo Monteverdi dell'Università degli studi di Roma La Sapienza</subfield>
            <subfield code="c">Roma</subfield>
            <subfield code="g">I-Rfr</subfield>
         </datafield>
         <datafield tag="410" ind1="2" ind2=" ">
            <subfield code="a">Biblioteca dell'Istituto di filologia della Facoltà di lettere e filosofia</subfield>
         </datafield>
         <datafield tag="410" ind1="2" ind2=" ">
            <subfield code="a">Biblioteca del Centro interdipartimentale di servizi per gli studi filologici, linguistici e letterari</subfield>
         </datafield>
         <datafield tag="622" ind1=" " ind2=" ">
            <subfield code="e">Biblioteca Angelo Monteverdi,  dell'Università degli studi di Roma La,  Sapienza, Piazzale Aldo Moro, 5, 00185 Roma (RM), Italy</subfield>
            <subfield code="u">http://www.uniroma1.it/</subfield>
         </datafield>
      </record>