
      <record>
         <leader>00000nz  a2200169   4500</leader>
         <controlfield tag="001">30005370</controlfield>
         <controlfield tag="003">RISM</controlfield>
         <controlfield tag="005">20160216</controlfield>
         <controlfield tag="008">160216n||az|||||||##########||||||||||||</controlfield>
         <datafield tag="040" ind1=" " ind2=" ">
            <subfield code="a">I-Rfs</subfield>
         </datafield>
         <datafield tag="043" ind1=" " ind2=" ">
            <subfield code="c">XA-IT</subfield>
         </datafield>
         <datafield tag="110" ind1="2" ind2=" ">
            <subfield code="a">Archivio della Fondazione Isabella Scelsi</subfield>
            <subfield code="c">Roma</subfield>
            <subfield code="g">I-Rfs</subfield>
         </datafield>
         <datafield tag="410" ind1="2" ind2=" ">
            <subfield code="a">Archivio della Fondazione privata Isabella e Giacinto Scelsi</subfield>
         </datafield>
         <datafield tag="622" ind1=" " ind2=" ">
            <subfield code="e">Archivio della Fondazione Isabella,  Scelsi, Via di San Teodoro, 8, 00186 Roma (RM), Italy</subfield>
            <subfield code="u">http://www.scelsi.it/</subfield>
         </datafield>
      </record>