
      <record>
         <leader>00000nz  a2200169   4500</leader>
         <controlfield tag="001">30004906</controlfield>
         <controlfield tag="003">RISM</controlfield>
         <controlfield tag="005">20160216</controlfield>
         <controlfield tag="008">160216n||az|||||||##########||||||||||||</controlfield>
         <datafield tag="040" ind1=" " ind2=" ">
            <subfield code="a">I-Rft</subfield>
         </datafield>
         <datafield tag="043" ind1=" " ind2=" ">
            <subfield code="c">XA-IT</subfield>
         </datafield>
         <datafield tag="110" ind1="2" ind2=" ">
            <subfield code="a">Biblioteca della Pontificia Facoltà Teologica Marianum</subfield>
            <subfield code="c">Roma</subfield>
            <subfield code="g">I-Rft</subfield>
         </datafield>
         <datafield tag="622" ind1=" " ind2=" ">
            <subfield code="e">Biblioteca della Pontificia Facoltà,  Teologica Marianum, Viale XXX Aprile, 6, 00153 Roma (RM), Italy</subfield>
            <subfield code="u">http://www.marianum.it/</subfield>
         </datafield>
      </record>