
      <record>
         <leader>00000nz  a2200169   4500</leader>
         <controlfield tag="001">30003508</controlfield>
         <controlfield tag="003">RISM</controlfield>
         <controlfield tag="005">20160216</controlfield>
         <controlfield tag="008">160216n||az|||||||##########||||||||||||</controlfield>
         <datafield tag="040" ind1=" " ind2=" ">
            <subfield code="a">I-Rgiazotto</subfield>
         </datafield>
         <datafield tag="043" ind1=" " ind2=" ">
            <subfield code="c">XA-IT</subfield>
         </datafield>
         <datafield tag="110" ind1="2" ind2=" ">
            <subfield code="a">Biblioteca privata Remo Giazotto</subfield>
            <subfield code="c">Roma</subfield>
            <subfield code="g">I-Rgiazotto</subfield>
         </datafield>
         <datafield tag="580" ind1=" " ind2=" ">
            <subfield code="x">I-Rc</subfield>
            <subfield code="0">30000230</subfield>
         </datafield>
         <datafield tag="580" ind1=" " ind2=" ">
            <subfield code="x">I-FPfanan</subfield>
            <subfield code="0">30001732</subfield>
         </datafield>
         <datafield tag="580" ind1=" " ind2=" ">
            <subfield code="x">I-Rig</subfield>
            <subfield code="0">30003511</subfield>
         </datafield>
      </record>