
      <record>
         <leader>00000nz  a2200169   4500</leader>
         <controlfield tag="001">30005355</controlfield>
         <controlfield tag="003">RISM</controlfield>
         <controlfield tag="005">20160216</controlfield>
         <controlfield tag="008">160216n||az|||||||##########||||||||||||</controlfield>
         <datafield tag="040" ind1=" " ind2=" ">
            <subfield code="a">I-RHco</subfield>
         </datafield>
         <datafield tag="043" ind1=" " ind2=" ">
            <subfield code="c">XA-IT</subfield>
         </datafield>
         <datafield tag="110" ind1="2" ind2=" ">
            <subfield code="a">Biblioteca Padri Oblati Missionari</subfield>
            <subfield code="c">Rho</subfield>
            <subfield code="g">I-RHco</subfield>
         </datafield>
         <datafield tag="410" ind1="2" ind2=" ">
            <subfield code="a">Collegio degli Oblati, Biblioteca</subfield>
         </datafield>
         <datafield tag="622" ind1=" " ind2=" ">
            <subfield code="e">Biblioteca Padri Oblati Missionari, Corso Europa 228, I-20017 Rho (MI)., Regione Lombardia</subfield>
         </datafield>
      </record>