
      <record>
         <leader>00000nz  a2200169   4500</leader>
         <controlfield tag="001">30004900</controlfield>
         <controlfield tag="003">RISM</controlfield>
         <controlfield tag="005">20160216</controlfield>
         <controlfield tag="008">160216n||az|||||||##########||||||||||||</controlfield>
         <datafield tag="040" ind1=" " ind2=" ">
            <subfield code="a">I-Ribimus</subfield>
         </datafield>
         <datafield tag="043" ind1=" " ind2=" ">
            <subfield code="c">XA-IT</subfield>
         </datafield>
         <datafield tag="110" ind1="2" ind2=" ">
            <subfield code="a">Biblioteca dell'Istituto di bibliografia musicale</subfield>
            <subfield code="c">Roma</subfield>
            <subfield code="g">I-Ribimus</subfield>
         </datafield>
         <datafield tag="622" ind1=" " ind2=" ">
            <subfield code="e">Biblioteca dell'Istituto di bibliografia,  musicale, Viale Castro Pretorio, 105, 00185 Roma (RM), Italy</subfield>
            <subfield code="u">http://www.ibimus.it</subfield>
         </datafield>
         <datafield tag="710" ind1="2" ind2=" ">
            <subfield code="a">Biblioteca nazionale centrale</subfield>
            <subfield code="0">30001909</subfield>
         </datafield>
      </record>