
      <record>
         <leader>00000nz  a2200169   4500</leader>
         <controlfield tag="001">30004932</controlfield>
         <controlfield tag="003">RISM</controlfield>
         <controlfield tag="005">20160216</controlfield>
         <controlfield tag="008">160216n||az|||||||##########||||||||||||</controlfield>
         <datafield tag="040" ind1=" " ind2=" ">
            <subfield code="a">I-RIc</subfield>
         </datafield>
         <datafield tag="043" ind1=" " ind2=" ">
            <subfield code="c">XA-IT</subfield>
         </datafield>
         <datafield tag="110" ind1="2" ind2=" ">
            <subfield code="a">Biblioteca comunale Paroniana</subfield>
            <subfield code="c">Rieti</subfield>
            <subfield code="g">I-RIc</subfield>
         </datafield>
         <datafield tag="622" ind1=" " ind2=" ">
            <subfield code="e">Biblioteca comunale Paroniana, Via San Pietro Martire, 28, 02100 Rieti (RI), Italy</subfield>
            <subfield code="u">http://www.comune.rieti.it/biblioteca</subfield>
         </datafield>
      </record>