
      <record>
         <leader>00000nz  a2200169   4500</leader>
         <controlfield tag="001">30003115</controlfield>
         <controlfield tag="003">RISM</controlfield>
         <controlfield tag="005">20160216</controlfield>
         <controlfield tag="008">160216n||az|||||||##########||||||||||||</controlfield>
         <datafield tag="040" ind1=" " ind2=" ">
            <subfield code="a">I-RId</subfield>
         </datafield>
         <datafield tag="043" ind1=" " ind2=" ">
            <subfield code="c">XA-IT</subfield>
         </datafield>
         <datafield tag="110" ind1="2" ind2=" ">
            <subfield code="a">Archivio musicale del Duomo</subfield>
            <subfield code="c">Rieti</subfield>
            <subfield code="g">I-RId</subfield>
         </datafield>
         <datafield tag="580" ind1=" " ind2=" ">
            <subfield code="x">I-RI</subfield>
            <subfield code="0">30080451</subfield>
         </datafield>
         <datafield tag="622" ind1=" " ind2=" ">
            <subfield code="e">Archivio musicale del Duomo, Via Cintia, 83, 02100 Rieti (RI), Italy</subfield>
         </datafield>
      </record>