
      <record>
         <leader>00000nz  a2200169   4500</leader>
         <controlfield tag="001">30005392</controlfield>
         <controlfield tag="003">RISM</controlfield>
         <controlfield tag="005">20160216</controlfield>
         <controlfield tag="008">160216n||az|||||||##########||||||||||||</controlfield>
         <datafield tag="040" ind1=" " ind2=" ">
            <subfield code="a">I-Rie</subfield>
         </datafield>
         <datafield tag="043" ind1=" " ind2=" ">
            <subfield code="c">XA-IT</subfield>
         </datafield>
         <datafield tag="110" ind1="2" ind2=" ">
            <subfield code="a">Biblioteca del Dipartimento di Storia, Culture, Religioni dell'Università degli studi di Roma La Sapienza - Punto di servizio di Antropologia</subfield>
            <subfield code="c">Roma</subfield>
            <subfield code="g">I-Rie</subfield>
         </datafield>
         <datafield tag="410" ind1="2" ind2=" ">
            <subfield code="a">Biblioteca del Dipartimento di studi glottoantropologici e discipline musicali. Sezione di demoetnoantropologia dell'Università degli studi di Roma La Sapienza</subfield>
         </datafield>
         <datafield tag="622" ind1=" " ind2=" ">
            <subfield code="e">Biblioteca del Dipartimento di Storia,,  Culture, Religioni dell'Università,  degli studi di Roma La Sapienza - Punto,  di servizio di Antropologia, Piazzale Aldo Moro, 5, 00185 Roma (RM), Italy</subfield>
            <subfield code="u">http://www.uniroma1.it/</subfield>
         </datafield>
      </record>