
      <record>
         <leader>00000nz  a2200169   4500</leader>
         <controlfield tag="001">30003510</controlfield>
         <controlfield tag="003">RISM</controlfield>
         <controlfield tag="005">20160216</controlfield>
         <controlfield tag="008">160216n||az|||||||##########||||||||||||</controlfield>
         <datafield tag="040" ind1=" " ind2=" ">
            <subfield code="a">I-Rif</subfield>
         </datafield>
         <datafield tag="043" ind1=" " ind2=" ">
            <subfield code="c">XA-IT</subfield>
         </datafield>
         <datafield tag="110" ind1="2" ind2=" ">
            <subfield code="a">Università degli Studi di Roma La Sapienza, Dipartimento di Fisiologia e Farmacologia, Biblioteca di Fisiologia Umana "Fabrizio Eusebi"</subfield>
            <subfield code="c">Roma</subfield>
            <subfield code="g">I-Rif</subfield>
         </datafield>
         <datafield tag="622" ind1=" " ind2=" ">
            <subfield code="e">Università degli Studi di Roma La,  Sapienza, Dipartimento di Fisiologia e,  Farmacologia, Biblioteca di Fisiologia,  Umana "Fabrizio Eusebi", Piazzale Aldo Moro, 5, 00185 Roma (RM), Italy</subfield>
            <subfield code="u">http://www.uniroma1.it/</subfield>
         </datafield>
      </record>