
      <record>
         <leader>00000nz  a2200169   4500</leader>
         <controlfield tag="001">30004933</controlfield>
         <controlfield tag="003">RISM</controlfield>
         <controlfield tag="005">20160216</controlfield>
         <controlfield tag="008">160216n||az|||||||##########||||||||||||</controlfield>
         <datafield tag="040" ind1=" " ind2=" ">
            <subfield code="a">I-RIfc</subfield>
         </datafield>
         <datafield tag="043" ind1=" " ind2=" ">
            <subfield code="c">XA-IT</subfield>
         </datafield>
         <datafield tag="110" ind1="2" ind2=" ">
            <subfield code="a">Biblioteca del Santuario Francescano</subfield>
            <subfield code="c">Rieti</subfield>
            <subfield code="g">I-RIfc</subfield>
         </datafield>
         <datafield tag="410" ind1="2" ind2=" ">
            <subfield code="a">Biblioteca del Convento Francescano di Fonte Colombo</subfield>
         </datafield>
         <datafield tag="622" ind1=" " ind2=" ">
            <subfield code="e">Biblioteca del Santuario Francescano, Località Fontecolombo, Via Fonte Colombo, 02100 Rieti (RI), Italy</subfield>
         </datafield>
      </record>