
      <record>
         <leader>00000nz  a2200169   4500</leader>
         <controlfield tag="001">30004907</controlfield>
         <controlfield tag="003">RISM</controlfield>
         <controlfield tag="005">20160216</controlfield>
         <controlfield tag="008">160216n||az|||||||##########||||||||||||</controlfield>
         <datafield tag="040" ind1=" " ind2=" ">
            <subfield code="a">I-Rifm</subfield>
         </datafield>
         <datafield tag="043" ind1=" " ind2=" ">
            <subfield code="c">XA-IT</subfield>
         </datafield>
         <datafield tag="110" ind1="2" ind2=" ">
            <subfield code="a">Istituto di Fisica Guglielmo Marconi</subfield>
            <subfield code="c">Roma</subfield>
            <subfield code="g">I-Rifm</subfield>
         </datafield>
         <datafield tag="410" ind1="2" ind2=" ">
            <subfield code="a">Istituto di Fiscia Guglielmo Marconi</subfield>
         </datafield>
         <datafield tag="622" ind1=" " ind2=" ">
            <subfield code="e">Istituto di Fisica Guglielmo Marconi, I-Roma</subfield>
         </datafield>
      </record>