
      <record>
         <leader>00000nz  a2200169   4500</leader>
         <controlfield tag="001">30005378</controlfield>
         <controlfield tag="003">RISM</controlfield>
         <controlfield tag="005">20160216</controlfield>
         <controlfield tag="008">160216n||az|||||||##########||||||||||||</controlfield>
         <datafield tag="040" ind1=" " ind2=" ">
            <subfield code="a">I-Riis</subfield>
         </datafield>
         <datafield tag="043" ind1=" " ind2=" ">
            <subfield code="c">XA-IT</subfield>
         </datafield>
         <datafield tag="110" ind1="2" ind2=" ">
            <subfield code="a">Biblioteca della Fondazione Istituto Italiano per la Storia della Musica</subfield>
            <subfield code="c">Roma</subfield>
            <subfield code="g">I-Riis</subfield>
         </datafield>
         <datafield tag="622" ind1=" " ind2=" ">
            <subfield code="e">Biblioteca della Fondazione Istituto,  Italiano per la Storia della Musica, Via Vittoria, 6, 00187 Roma (RM), Italy</subfield>
            <subfield code="u">http://www.iism.it/it/index.htm</subfield>
         </datafield>
      </record>