
      <record>
         <leader>00000nz  a2200169   4500</leader>
         <controlfield tag="001">30004934</controlfield>
         <controlfield tag="003">RISM</controlfield>
         <controlfield tag="005">20160216</controlfield>
         <controlfield tag="008">160216n||az|||||||##########||||||||||||</controlfield>
         <datafield tag="040" ind1=" " ind2=" ">
            <subfield code="a">I-RIlf</subfield>
         </datafield>
         <datafield tag="043" ind1=" " ind2=" ">
            <subfield code="c">XA-IT</subfield>
         </datafield>
         <datafield tag="110" ind1="2" ind2=" ">
            <subfield code="a">Biblioteca del Convento Francescano La Foresta</subfield>
            <subfield code="c">Rieti</subfield>
            <subfield code="g">I-RIlf</subfield>
         </datafield>
         <datafield tag="622" ind1=" " ind2=" ">
            <subfield code="e">Biblioteca del Convento Francescano La,  Foresta, Località La Foresta, 02100 Rieti (RI), Italy</subfield>
         </datafield>
      </record>