
      <record>
         <leader>00000nz  a2200169   4500</leader>
         <controlfield tag="001">30001929</controlfield>
         <controlfield tag="003">RISM</controlfield>
         <controlfield tag="005">20160216</controlfield>
         <controlfield tag="008">160216n||az|||||||##########||||||||||||</controlfield>
         <datafield tag="040" ind1=" " ind2=" ">
            <subfield code="a">I-RIM</subfield>
         </datafield>
         <datafield tag="043" ind1=" " ind2=" ">
            <subfield code="c">XA-IT</subfield>
         </datafield>
         <datafield tag="110" ind1="2" ind2=" ">
            <subfield code="a">Biblioteca civica Gambalunga</subfield>
            <subfield code="c">Rimini</subfield>
            <subfield code="g">I-RIM</subfield>
         </datafield>
         <datafield tag="622" ind1=" " ind2=" ">
            <subfield code="e">Biblioteca civica Gambalunga, Via Gambalunga, 27, 47921 Rimini (RN), Italy</subfield>
            <subfield code="u">http://www.bibliotecagambalunga.it/</subfield>
         </datafield>
      </record>