
      <record>
         <leader>00000nz  a2200169   4500</leader>
         <controlfield tag="001">30003512</controlfield>
         <controlfield tag="003">RISM</controlfield>
         <controlfield tag="005">20160216</controlfield>
         <controlfield tag="008">160216n||az|||||||##########||||||||||||</controlfield>
         <datafield tag="040" ind1=" " ind2=" ">
            <subfield code="a">I-Rims</subfield>
         </datafield>
         <datafield tag="043" ind1=" " ind2=" ">
            <subfield code="c">XA-IT</subfield>
         </datafield>
         <datafield tag="110" ind1="2" ind2=" ">
            <subfield code="a">Biblioteca del Pontificio Istituto di Musica Sacra</subfield>
            <subfield code="c">Roma</subfield>
            <subfield code="g">I-Rims</subfield>
         </datafield>
         <datafield tag="622" ind1=" " ind2=" ">
            <subfield code="e">Biblioteca del Pontificio Istituto di,  Musica Sacra, Via di Torre Rossa, 21, 00165 Roma (RM), Italy</subfield>
            <subfield code="u">http://www.musicasacra.va/content/musicasacra/it.html</subfield>
         </datafield>
      </record>