
      <record>
         <leader>00000nz  a2200169   4500</leader>
         <controlfield tag="001">30004908</controlfield>
         <controlfield tag="003">RISM</controlfield>
         <controlfield tag="005">20160216</controlfield>
         <controlfield tag="008">160216n||az|||||||##########||||||||||||</controlfield>
         <datafield tag="040" ind1=" " ind2=" ">
            <subfield code="a">I-Rip</subfield>
         </datafield>
         <datafield tag="043" ind1=" " ind2=" ">
            <subfield code="c">XA-IT</subfield>
         </datafield>
         <datafield tag="110" ind1="2" ind2=" ">
            <subfield code="a">Biblioteca dell'Istituto Portoghese di S. Antonio</subfield>
            <subfield code="c">Roma</subfield>
            <subfield code="g">I-Rip</subfield>
         </datafield>
         <datafield tag="622" ind1=" " ind2=" ">
            <subfield code="e">Biblioteca dell'Istituto Portoghese di,  S. Antonio, Via dei Portoghesi, 2, 00186 Roma (RM), Italy</subfield>
            <subfield code="u">http://www.ipsar.org/modules.php?name=News</subfield>
         </datafield>
      </record>