
      <record>
         <leader>00000nz  a2200169   4500</leader>
         <controlfield tag="001">30005371</controlfield>
         <controlfield tag="003">RISM</controlfield>
         <controlfield tag="005">20160216</controlfield>
         <controlfield tag="008">160216n||az|||||||##########||||||||||||</controlfield>
         <datafield tag="040" ind1=" " ind2=" ">
            <subfield code="a">I-Rirtem</subfield>
         </datafield>
         <datafield tag="043" ind1=" " ind2=" ">
            <subfield code="c">XA-IT</subfield>
         </datafield>
         <datafield tag="110" ind1="2" ind2=" ">
            <subfield code="a">Archivio e Biblioteca dell'Irtem</subfield>
            <subfield code="c">Roma</subfield>
            <subfield code="g">I-Rirtem</subfield>
         </datafield>
         <datafield tag="622" ind1=" " ind2=" ">
            <subfield code="e">Archivio e Biblioteca dell'Irtem, Via Francesco Tamagno, 65-67, 00168 Roma (RM), Italy</subfield>
            <subfield code="u">http://www.irtem.it/</subfield>
         </datafield>
      </record>