
      <record>
         <leader>00000nz  a2200169   4500</leader>
         <controlfield tag="001">30004910</controlfield>
         <controlfield tag="003">RISM</controlfield>
         <controlfield tag="005">20160216</controlfield>
         <controlfield tag="008">160216n||az|||||||##########||||||||||||</controlfield>
         <datafield tag="040" ind1=" " ind2=" ">
            <subfield code="a">I-Risr</subfield>
         </datafield>
         <datafield tag="043" ind1=" " ind2=" ">
            <subfield code="c">XA-IT</subfield>
         </datafield>
         <datafield tag="110" ind1="2" ind2=" ">
            <subfield code="a">Biblioteca dell'Istituto di Studi Romani</subfield>
            <subfield code="c">Roma</subfield>
            <subfield code="g">I-Risr</subfield>
         </datafield>
         <datafield tag="622" ind1=" " ind2=" ">
            <subfield code="e">Biblioteca dell'Istituto di Studi Romani, Piazza dei Cavalieri di Malta, 2, 00153 Roma (RM), Italy</subfield>
            <subfield code="u">http://www.studiromani.it/index.htm</subfield>
         </datafield>
      </record>