
      <record>
         <leader>00000nz  a2200169   4500</leader>
         <controlfield tag="001">30004935</controlfield>
         <controlfield tag="003">RISM</controlfield>
         <controlfield tag="005">20160216</controlfield>
         <controlfield tag="008">160216n||az|||||||##########||||||||||||</controlfield>
         <datafield tag="040" ind1=" " ind2=" ">
            <subfield code="a">I-RIVrivera</subfield>
         </datafield>
         <datafield tag="043" ind1=" " ind2=" ">
            <subfield code="c">XA-IT</subfield>
         </datafield>
         <datafield tag="110" ind1="2" ind2=" ">
            <subfield code="a">Biblioteca privata del Castello Rivera</subfield>
            <subfield code="c">Rivera</subfield>
            <subfield code="g">I-RIVrivera</subfield>
         </datafield>
         <datafield tag="622" ind1=" " ind2=" ">
            <subfield code="e">Biblioteca privata del Castello Rivera, Piazza S. M. Roio, I-67100 Rivera (AQ)., Regione Abruzzo</subfield>
         </datafield>
      </record>