
      <record>
         <leader>00000nz  a2200169   4500</leader>
         <controlfield tag="001">30080385</controlfield>
         <controlfield tag="003">RISM</controlfield>
         <controlfield tag="005">20160216</controlfield>
         <controlfield tag="008">160216n||az|||||||##########||||||||||||</controlfield>
         <datafield tag="040" ind1=" " ind2=" ">
            <subfield code="a">I-Rlmc</subfield>
         </datafield>
         <datafield tag="043" ind1=" " ind2=" ">
            <subfield code="c">XA-IT</subfield>
         </datafield>
         <datafield tag="110" ind1="2" ind2=" ">
            <subfield code="a">Biblioteca internazionale di letteratura musicale concentrazionaria</subfield>
            <subfield code="c">Roma</subfield>
            <subfield code="g">I-Rlmc</subfield>
         </datafield>
         <datafield tag="622" ind1=" " ind2=" ">
            <subfield code="e">Biblioteca internazionale di letteratura,  musicale concentrazionaria, Via D. Manin, 53, 00185 Roma (RM), Italy</subfield>
            <subfield code="u">http://www.musicaconcentrationaria.org/index2.php?lang=eng&amp;pag=project</subfield>
         </datafield>
      </record>