
      <record>
         <leader>00000nz  a2200169   4500</leader>
         <controlfield tag="001">30005379</controlfield>
         <controlfield tag="003">RISM</controlfield>
         <controlfield tag="005">20160216</controlfield>
         <controlfield tag="008">160216n||az|||||||##########||||||||||||</controlfield>
         <datafield tag="040" ind1=" " ind2=" ">
            <subfield code="a">I-Rmat</subfield>
         </datafield>
         <datafield tag="043" ind1=" " ind2=" ">
            <subfield code="c">XA-IT</subfield>
         </datafield>
         <datafield tag="110" ind1="2" ind2=" ">
            <subfield code="a">Archivio Sonoro del Museo nazionale delle arti e tradizioni popolari</subfield>
            <subfield code="c">Roma</subfield>
            <subfield code="g">I-Rmat</subfield>
         </datafield>
         <datafield tag="622" ind1=" " ind2=" ">
            <subfield code="e">Archivio Sonoro del Museo nazionale,  delle arti e tradizioni popolari, Piazza G. Marconi, 8/10, 00144 Roma (RM), Italy</subfield>
            <subfield code="u">http://www.idea.mat.beniculturali.it/archivi/archivio-sonoro</subfield>
         </datafield>
      </record>