
      <record>
         <leader>00000nz  a2200169   4500</leader>
         <controlfield tag="001">30005380</controlfield>
         <controlfield tag="003">RISM</controlfield>
         <controlfield tag="005">20160216</controlfield>
         <controlfield tag="008">160216n||az|||||||##########||||||||||||</controlfield>
         <datafield tag="040" ind1=" " ind2=" ">
            <subfield code="a">I-Rms</subfield>
         </datafield>
         <datafield tag="043" ind1=" " ind2=" ">
            <subfield code="c">XA-IT</subfield>
         </datafield>
         <datafield tag="110" ind1="2" ind2=" ">
            <subfield code="a">Museo Nazionale degli Strumenti Musicali, Biblioteca</subfield>
            <subfield code="c">Roma</subfield>
            <subfield code="g">I-Rms</subfield>
         </datafield>
         <datafield tag="622" ind1=" " ind2=" ">
            <subfield code="e">Museo Nazionale degli Strumenti, Musicali, Biblioteca, Via S. Croce in Gerusalemme, I-00185, Roma. Regione Lazio</subfield>
         </datafield>
      </record>