
      <record>
         <leader>00000nz  a2200169   4500</leader>
         <controlfield tag="001">30080380</controlfield>
         <controlfield tag="003">RISM</controlfield>
         <controlfield tag="005">20160216</controlfield>
         <controlfield tag="008">160216n||az|||||||##########||||||||||||</controlfield>
         <datafield tag="040" ind1=" " ind2=" ">
            <subfield code="a">I-Rmv</subfield>
         </datafield>
         <datafield tag="043" ind1=" " ind2=" ">
            <subfield code="c">XA-IT</subfield>
         </datafield>
         <datafield tag="110" ind1="2" ind2=" ">
            <subfield code="a">Archivio storico-musicale della Parrocchia di S. Maria in Via</subfield>
            <subfield code="c">Roma</subfield>
            <subfield code="g">I-Rmv</subfield>
         </datafield>
         <datafield tag="622" ind1=" " ind2=" ">
            <subfield code="e">Archivio storico-musicale della,  Parrocchia di S. Maria in Via, Via del Mortaro, 24, 00187 Roma (RM), Italy</subfield>
         </datafield>
      </record>