
      <record>
         <leader>00000nz  a2200169   4500</leader>
         <controlfield tag="001">30080437</controlfield>
         <controlfield tag="003">RISM</controlfield>
         <controlfield tag="005">20160216</controlfield>
         <controlfield tag="008">160216n||az|||||||##########||||||||||||</controlfield>
         <datafield tag="040" ind1=" " ind2=" ">
            <subfield code="a">I-Romd</subfield>
         </datafield>
         <datafield tag="043" ind1=" " ind2=" ">
            <subfield code="c">XA-IT</subfield>
         </datafield>
         <datafield tag="110" ind1="2" ind2=" ">
            <subfield code="a">Archivio OMD - Fondo musicale</subfield>
            <subfield code="c">Roma</subfield>
            <subfield code="g">I-Romd</subfield>
         </datafield>
         <datafield tag="622" ind1=" " ind2=" ">
            <subfield code="e">Archivio OMD - Fondo musicale, Piazza Campitelli 9, 00186 Roma (RM), Italy</subfield>
            <subfield code="u">http://www.ordinedellamadredidio.org/</subfield>
         </datafield>
      </record>