
      <record>
         <leader>00000nz  a2200169   4500</leader>
         <controlfield tag="001">30080398</controlfield>
         <controlfield tag="003">RISM</controlfield>
         <controlfield tag="005">20160216</controlfield>
         <controlfield tag="008">160216n||az|||||||##########||||||||||||</controlfield>
         <datafield tag="040" ind1=" " ind2=" ">
            <subfield code="a">I-RONc</subfield>
         </datafield>
         <datafield tag="043" ind1=" " ind2=" ">
            <subfield code="c">XA-IT</subfield>
         </datafield>
         <datafield tag="110" ind1="2" ind2=" ">
            <subfield code="a">Biblioteca comunale Romolo Bellatreccia</subfield>
            <subfield code="c">Ronciglione</subfield>
            <subfield code="g">I-RONc</subfield>
         </datafield>
         <datafield tag="622" ind1=" " ind2=" ">
            <subfield code="e">Biblioteca comunale Romolo Bellatreccia, Corso Umberto I, 26, 01037 Ronciglione (VT), Italy</subfield>
            <subfield code="u">http://www.bibliotecaronciglione.it/</subfield>
         </datafield>
      </record>