
      <record>
         <leader>00000nz  a2200169   4500</leader>
         <controlfield tag="001">30004916</controlfield>
         <controlfield tag="003">RISM</controlfield>
         <controlfield tag="005">20160216</controlfield>
         <controlfield tag="008">160216n||az|||||||##########||||||||||||</controlfield>
         <datafield tag="040" ind1=" " ind2=" ">
            <subfield code="a">I-Rps</subfield>
         </datafield>
         <datafield tag="043" ind1=" " ind2=" ">
            <subfield code="c">XA-IT</subfield>
         </datafield>
         <datafield tag="110" ind1="2" ind2=" ">
            <subfield code="a">Archivio generale delle Scuole Pie di S. Pantaleo</subfield>
            <subfield code="c">Roma</subfield>
            <subfield code="g">I-Rps</subfield>
         </datafield>
         <datafield tag="410" ind1="2" ind2=" ">
            <subfield code="a">Archivio della Chiesa di S. Pantaleo</subfield>
         </datafield>
         <datafield tag="410" ind1="2" ind2=" ">
            <subfield code="a">Archivio generale degli Scolopi</subfield>
         </datafield>
         <datafield tag="622" ind1=" " ind2=" ">
            <subfield code="e">Archivio generale delle Scuole Pie di S.,  Pantaleo, Piazza de' Massimi, 4, 00186 Roma (RM), Italy</subfield>
            <subfield code="u">http://www.scolopi.org/it-IT/Inizio.aspx</subfield>
         </datafield>
      </record>