
      <record>
         <leader>00000nz  a2200169   4500</leader>
         <controlfield tag="001">30005900</controlfield>
         <controlfield tag="003">RISM</controlfield>
         <controlfield tag="005">20160216</controlfield>
         <controlfield tag="008">160216n||az|||||||##########||||||||||||</controlfield>
         <datafield tag="040" ind1=" " ind2=" ">
            <subfield code="a">I-RPTsg</subfield>
         </datafield>
         <datafield tag="043" ind1=" " ind2=" ">
            <subfield code="c">XA-IT</subfield>
         </datafield>
         <datafield tag="110" ind1="2" ind2=" ">
            <subfield code="a">Corale Madonna di San Giovanni, Biblioteca Musicale</subfield>
            <subfield code="c">Ripatransone</subfield>
            <subfield code="g">I-RPTsg</subfield>
         </datafield>
         <datafield tag="622" ind1=" " ind2=" ">
            <subfield code="e">Corale Madonna di San Giovanni,, Biblioteca Musicale, Via Borea, I-63038 Ripatransone (AP)., Regione Marche</subfield>
         </datafield>
      </record>