
      <record>
         <leader>00000nz  a2200169   4500</leader>
         <controlfield tag="001">30079423</controlfield>
         <controlfield tag="003">RISM</controlfield>
         <controlfield tag="005">20160216</controlfield>
         <controlfield tag="008">160216n||az|||||||##########||||||||||||</controlfield>
         <datafield tag="040" ind1=" " ind2=" ">
            <subfield code="a">I-Rpug</subfield>
         </datafield>
         <datafield tag="043" ind1=" " ind2=" ">
            <subfield code="c">IT</subfield>
         </datafield>
         <datafield tag="110" ind1="2" ind2=" ">
            <subfield code="a">Archivio della Pontificia Università Gregoriana</subfield>
            <subfield code="c">Roma</subfield>
            <subfield code="g">I-Rpug</subfield>
         </datafield>
         <datafield tag="622" ind1=" " ind2=" ">
            <subfield code="e">Archivio della Pontificia Università,  Gregoriana, Piazza della Pilotta, 4, 00187 Roma, Italy</subfield>
            <subfield code="u">http://www.archiviopug.org/</subfield>
         </datafield>
      </record>