
      <record>
         <leader>00000nz  a2200169   4500</leader>
         <controlfield tag="001">30000259</controlfield>
         <controlfield tag="003">RISM</controlfield>
         <controlfield tag="005">20160216</controlfield>
         <controlfield tag="008">160216n||az|||||||##########||||||||||||</controlfield>
         <datafield tag="040" ind1=" " ind2=" ">
            <subfield code="a">I-Rrai</subfield>
         </datafield>
         <datafield tag="043" ind1=" " ind2=" ">
            <subfield code="c">XA-IT</subfield>
         </datafield>
         <datafield tag="110" ind1="2" ind2=" ">
            <subfield code="a">Biblioteca centrale Paolo Giuntella della Rai</subfield>
            <subfield code="c">Roma</subfield>
            <subfield code="g">I-Rrai</subfield>
         </datafield>
         <datafield tag="410" ind1="2" ind2=" ">
            <subfield code="a">Archivi Musicali della Rai - Radiotelevisione Italiana</subfield>
         </datafield>
         <datafield tag="622" ind1=" " ind2=" ">
            <subfield code="e">Biblioteca centrale Paolo Giuntella,  della Rai, Viale Mazzini, 14, 00195 Roma (RM), Italy</subfield>
            <subfield code="u">http://www.teche.rai.it/biblioteche/</subfield>
         </datafield>
      </record>