
      <record>
         <leader>00000nz  a2200169   4500</leader>
         <controlfield tag="001">30000178</controlfield>
         <controlfield tag="003">RISM</controlfield>
         <controlfield tag="005">20160216</controlfield>
         <controlfield tag="008">160216n||az|||||||##########||||||||||||</controlfield>
         <datafield tag="040" ind1=" " ind2=" ">
            <subfield code="a">I-Rrostirolla</subfield>
         </datafield>
         <datafield tag="043" ind1=" " ind2=" ">
            <subfield code="c">XA-IT</subfield>
         </datafield>
         <datafield tag="110" ind1="2" ind2=" ">
            <subfield code="a">Biblioteca privata Giancarlo Rostirolla</subfield>
            <subfield code="c">Roma</subfield>
            <subfield code="g">I-Rrostirolla</subfield>
         </datafield>
         <datafield tag="580" ind1=" " ind2=" ">
            <subfield code="x">I-Fn</subfield>
            <subfield code="0">30001783</subfield>
         </datafield>
         <datafield tag="580" ind1=" " ind2=" ">
            <subfield code="x">I-Ribimus</subfield>
            <subfield code="0">30004900</subfield>
         </datafield>
         <datafield tag="580" ind1=" " ind2=" ">
            <subfield code="x">I-Rsifd</subfield>
            <subfield code="0">30004918</subfield>
         </datafield>
      </record>