
      <record>
         <leader>00000nz  a2200169   4500</leader>
         <controlfield tag="001">30070360</controlfield>
         <controlfield tag="003">RISM</controlfield>
         <controlfield tag="005">20160216</controlfield>
         <controlfield tag="008">160216n||az|||||||##########||||||||||||</controlfield>
         <datafield tag="040" ind1=" " ind2=" ">
            <subfield code="a">I-Rs</subfield>
         </datafield>
         <datafield tag="043" ind1=" " ind2=" ">
            <subfield code="c">XA-IT</subfield>
         </datafield>
         <datafield tag="110" ind1="2" ind2=" ">
            <subfield code="a">Biblioteca Don Bosco Università Pontificia Salesiana</subfield>
            <subfield code="c">Roma</subfield>
            <subfield code="g">I-Rs</subfield>
         </datafield>
         <datafield tag="410" ind1="2" ind2=" ">
            <subfield code="a">Biblioteca centrale Salesiana</subfield>
         </datafield>
         <datafield tag="622" ind1=" " ind2=" ">
            <subfield code="e">Biblioteca Don Bosco Università,  Pontificia Salesiana, Piazza dell'Ateneo Salesiano, 1, 00139 Roma (RM), Italy</subfield>
            <subfield code="u">http://www.biblioteca.unisal.it/</subfield>
         </datafield>
      </record>