
      <record>
         <leader>00000nz  a2200169   4500</leader>
         <controlfield tag="001">30070361</controlfield>
         <controlfield tag="003">RISM</controlfield>
         <controlfield tag="005">20160216</controlfield>
         <controlfield tag="008">160216n||az|||||||##########||||||||||||</controlfield>
         <datafield tag="040" ind1=" " ind2=" ">
            <subfield code="a">I-Rsa</subfield>
         </datafield>
         <datafield tag="043" ind1=" " ind2=" ">
            <subfield code="c">XA-IT</subfield>
         </datafield>
         <datafield tag="110" ind1="2" ind2=" ">
            <subfield code="a">Archivio generale dei Frati Minori Conventuali della Basilica dei Santi XII Apostoli</subfield>
            <subfield code="c">Roma</subfield>
            <subfield code="g">I-Rsa</subfield>
         </datafield>
         <datafield tag="410" ind1="2" ind2=" ">
            <subfield code="a">Archivio musicale della Basilica dei Santi XII Apostoli</subfield>
         </datafield>
         <datafield tag="622" ind1=" " ind2=" ">
            <subfield code="e">Archivio generale dei Frati Minori,  Conventuali della Basilica dei Santi,  XII Apostoli, Piazza dei SS. Apostoli, 51, 00187 Roma (RM), Italy</subfield>
         </datafield>
      </record>