
      <record>
         <leader>00000nz  a2200169   4500</leader>
         <controlfield tag="001">30004917</controlfield>
         <controlfield tag="003">RISM</controlfield>
         <controlfield tag="005">20160216</controlfield>
         <controlfield tag="008">160216n||az|||||||##########||||||||||||</controlfield>
         <datafield tag="040" ind1=" " ind2=" ">
            <subfield code="a">I-Rsba</subfield>
         </datafield>
         <datafield tag="043" ind1=" " ind2=" ">
            <subfield code="c">XA-IT</subfield>
         </datafield>
         <datafield tag="110" ind1="2" ind2=" ">
            <subfield code="a">Archivio dell'Arciconfraternita dei Santi Bartolomeo e Alessandro dei Bergamaschi</subfield>
            <subfield code="c">Roma</subfield>
            <subfield code="g">I-Rsba</subfield>
         </datafield>
         <datafield tag="622" ind1=" " ind2=" ">
            <subfield code="e">Archivio dell'Arciconfraternita dei,  Santi Bartolomeo e Alessandro dei,  Bergamaschi, Via di Pietra, 70, 00186 Roma (RM), Italy</subfield>
            <subfield code="u">http://www.arciconfraternitabergamaschi.it/index.htm</subfield>
         </datafield>
      </record>