
      <record>
         <leader>00000nz  a2200169   4500</leader>
         <controlfield tag="001">30004938</controlfield>
         <controlfield tag="003">RISM</controlfield>
         <controlfield tag="005">20160216</controlfield>
         <controlfield tag="008">160216n||az|||||||##########||||||||||||</controlfield>
         <datafield tag="040" ind1=" " ind2=" ">
            <subfield code="a">I-RSCcl</subfield>
         </datafield>
         <datafield tag="043" ind1=" " ind2=" ">
            <subfield code="c">XA-IT</subfield>
         </datafield>
         <datafield tag="110" ind1="2" ind2=" ">
            <subfield code="a">Monastero delle Clarisse, Biblioteca</subfield>
            <subfield code="c">Rossano Calabro</subfield>
            <subfield code="g">I-RSCcl</subfield>
         </datafield>
         <datafield tag="622" ind1=" " ind2=" ">
            <subfield code="e">Monastero delle Clarisse, Biblioteca, Rione S. Chiara, I-87067 Rossano, Calabro (CS). Regione Calabria</subfield>
         </datafield>
      </record>