
      <record>
         <leader>00000nz  a2200169   4500</leader>
         <controlfield tag="001">30005373</controlfield>
         <controlfield tag="003">RISM</controlfield>
         <controlfield tag="005">20160216</controlfield>
         <controlfield tag="008">160216n||az|||||||##########||||||||||||</controlfield>
         <datafield tag="040" ind1=" " ind2=" ">
            <subfield code="a">I-Rscg</subfield>
         </datafield>
         <datafield tag="043" ind1=" " ind2=" ">
            <subfield code="c">XA-IT</subfield>
         </datafield>
         <datafield tag="110" ind1="2" ind2=" ">
            <subfield code="a">Biblioteca Sessoriana della Basilica di Santa Croce in Gerusalemme</subfield>
            <subfield code="c">Roma</subfield>
            <subfield code="g">I-Rscg</subfield>
         </datafield>
         <datafield tag="622" ind1=" " ind2=" ">
            <subfield code="e">Biblioteca Sessoriana della Basilica di,  Santa Croce in Gerusalemme, Piazza S. Croce in Gerusalemme, 12, 00185 Roma (RM), Italy</subfield>
         </datafield>
      </record>