
      <record>
         <leader>00000nz  a2200169   4500</leader>
         <controlfield tag="001">30004939</controlfield>
         <controlfield tag="003">RISM</controlfield>
         <controlfield tag="005">20160216</controlfield>
         <controlfield tag="008">160216n||az|||||||##########||||||||||||</controlfield>
         <datafield tag="040" ind1=" " ind2=" ">
            <subfield code="a">I-RSCmd</subfield>
         </datafield>
         <datafield tag="043" ind1=" " ind2=" ">
            <subfield code="c">XA-IT</subfield>
         </datafield>
         <datafield tag="110" ind1="2" ind2=" ">
            <subfield code="a">Museo Diocesano di Arte Sacra</subfield>
            <subfield code="c">Rossano Calabro</subfield>
            <subfield code="g">I-RSCmd</subfield>
         </datafield>
         <datafield tag="622" ind1=" " ind2=" ">
            <subfield code="e">Museo Diocesano di Arte Sacra, Via Duomo 19, I-87067 Rossano Calabro, (CS). Regione Calabria</subfield>
         </datafield>
      </record>