
      <record>
         <leader>00000nz  a2200169   4500</leader>
         <controlfield tag="001">30005587</controlfield>
         <controlfield tag="003">RISM</controlfield>
         <controlfield tag="005">20160216</controlfield>
         <controlfield tag="008">160216n||az|||||||##########||||||||||||</controlfield>
         <datafield tag="040" ind1=" " ind2=" ">
            <subfield code="a">I-Rsen</subfield>
         </datafield>
         <datafield tag="043" ind1=" " ind2=" ">
            <subfield code="c">XA-IT</subfield>
         </datafield>
         <datafield tag="110" ind1="2" ind2=" ">
            <subfield code="a">Biblioteca del Senato della Repubblica Giovanni Spadolini</subfield>
            <subfield code="c">Roma</subfield>
            <subfield code="g">I-Rsen</subfield>
         </datafield>
         <datafield tag="622" ind1=" " ind2=" ">
            <subfield code="e">Biblioteca del Senato della Repubblica,  Giovanni Spadolini, Piazza della Minerva, 38, 00186 Roma (RM), Italy</subfield>
            <subfield code="u">http://www.senato.it/biblioteca?voce_sommario=33</subfield>
         </datafield>
      </record>