
      <record>
         <leader>00000nz  a2200169   4500</leader>
         <controlfield tag="001">30001914</controlfield>
         <controlfield tag="003">RISM</controlfield>
         <controlfield tag="005">20160216</controlfield>
         <controlfield tag="008">160216n||az|||||||##########||||||||||||</controlfield>
         <datafield tag="040" ind1=" " ind2=" ">
            <subfield code="a">I-Rsgf</subfield>
         </datafield>
         <datafield tag="043" ind1=" " ind2=" ">
            <subfield code="c">XA-IT</subfield>
         </datafield>
         <datafield tag="110" ind1="2" ind2=" ">
            <subfield code="a">Archivio dell'Arciconfraternita di San Giovanni dei Fiorentini</subfield>
            <subfield code="c">Roma</subfield>
            <subfield code="g">I-Rsgf</subfield>
         </datafield>
         <datafield tag="622" ind1=" " ind2=" ">
            <subfield code="e">Archivio dell'Arciconfraternita di San,  Giovanni dei Fiorentini, Via Acciaioli, 2, 00186 Roma (RM), Italy</subfield>
            <subfield code="u">http://www.sangiovannideifiorentini.net/index.php</subfield>
         </datafield>
      </record>