
      <record>
         <leader>00000nz  a2200169   4500</leader>
         <controlfield tag="001">30004918</controlfield>
         <controlfield tag="003">RISM</controlfield>
         <controlfield tag="005">20160216</controlfield>
         <controlfield tag="008">160216n||az|||||||##########||||||||||||</controlfield>
         <datafield tag="040" ind1=" " ind2=" ">
            <subfield code="a">I-Rsifd</subfield>
         </datafield>
         <datafield tag="043" ind1=" " ind2=" ">
            <subfield code="c">XA-IT</subfield>
         </datafield>
         <datafield tag="110" ind1="2" ind2=" ">
            <subfield code="a">Biblioteca Sylvestro Ganassi della Fondazione italiana per la musica antica</subfield>
            <subfield code="c">Roma</subfield>
            <subfield code="g">I-Rsifd</subfield>
         </datafield>
         <datafield tag="410" ind1="2" ind2=" ">
            <subfield code="a">Biblioteca Sylvestro Ganassi (Società italiana del flauto dolce)</subfield>
         </datafield>
         <datafield tag="622" ind1=" " ind2=" ">
            <subfield code="e">Biblioteca Sylvestro Ganassi della,  Fondazione italiana per la musica,  antica, Via Col di Lana, 7, 00195 Roma (RM), Italy</subfield>
            <subfield code="u">http://www.fima-online.org/site01/</subfield>
         </datafield>
      </record>