
      <record>
         <leader>00000nz  a2200169   4500</leader>
         <controlfield tag="001">30003063</controlfield>
         <controlfield tag="003">RISM</controlfield>
         <controlfield tag="005">20160216</controlfield>
         <controlfield tag="008">160216n||az|||||||##########||||||||||||</controlfield>
         <datafield tag="040" ind1=" " ind2=" ">
            <subfield code="a">I-Rslb</subfield>
         </datafield>
         <datafield tag="043" ind1=" " ind2=" ">
            <subfield code="c">XA-IT</subfield>
         </datafield>
         <datafield tag="110" ind1="2" ind2=" ">
            <subfield code="a">Biblioteca centrale dei Frati Minori Cappuccini (Collegio S. Lorenzo da Brindisi)</subfield>
            <subfield code="c">Roma</subfield>
            <subfield code="g">I-Rslb</subfield>
         </datafield>
         <datafield tag="622" ind1=" " ind2=" ">
            <subfield code="e">Biblioteca centrale dei Frati Minori,  Cappuccini (Collegio S. Lorenzo da,  Brindisi), Circonvallazione Occidentale, 6850, Casella postale 18382, 00163 Roma (RM), Italy</subfield>
         </datafield>
      </record>