
      <record>
         <leader>00000nz  a2200169   4500</leader>
         <controlfield tag="001">30001915</controlfield>
         <controlfield tag="003">RISM</controlfield>
         <controlfield tag="005">20160216</controlfield>
         <controlfield tag="008">160216n||az|||||||##########||||||||||||</controlfield>
         <datafield tag="040" ind1=" " ind2=" ">
            <subfield code="a">I-Rslf</subfield>
         </datafield>
         <datafield tag="043" ind1=" " ind2=" ">
            <subfield code="c">XA-IT</subfield>
         </datafield>
         <datafield tag="110" ind1="2" ind2=" ">
            <subfield code="a">Archivio della Chiesa di S. Luigi dei Francesi</subfield>
            <subfield code="c">Roma</subfield>
            <subfield code="g">I-Rslf</subfield>
         </datafield>
         <datafield tag="622" ind1=" " ind2=" ">
            <subfield code="e">Archivio della Chiesa di S. Luigi dei,  Francesi, Piazza S. Luigi dei Francesi, 5, 00186 Roma (RM), Italy</subfield>
            <subfield code="u">http://saintlouis-rome.net/</subfield>
         </datafield>
      </record>