
      <record>
         <leader>00000nz  a2200169   4500</leader>
         <controlfield tag="001">30001916</controlfield>
         <controlfield tag="003">RISM</controlfield>
         <controlfield tag="005">20160216</controlfield>
         <controlfield tag="008">160216n||az|||||||##########||||||||||||</controlfield>
         <datafield tag="040" ind1=" " ind2=" ">
            <subfield code="a">I-Rsm</subfield>
         </datafield>
         <datafield tag="043" ind1=" " ind2=" ">
            <subfield code="c">XA-IT</subfield>
         </datafield>
         <datafield tag="110" ind1="2" ind2=" ">
            <subfield code="a">Archivio capitolare della Basilica papale di Santa Maria Maggiore</subfield>
            <subfield code="c">Roma</subfield>
            <subfield code="g">I-Rsm</subfield>
         </datafield>
         <datafield tag="580" ind1=" " ind2=" ">
            <subfield code="x">V-CVbav</subfield>
            <subfield code="0">30077306</subfield>
         </datafield>
         <datafield tag="622" ind1=" " ind2=" ">
            <subfield code="e">Archivio capitolare della Basilica,  papale di Santa Maria Maggiore, Via Liberiana, 27, 00184 Roma (RM), Italy</subfield>
            <subfield code="u">http://www.vatican.va/various/basiliche/sm_maggiore/index_it.html</subfield>
         </datafield>
      </record>