
      <record>
         <leader>00000nz  a2200169   4500</leader>
         <controlfield tag="001">30001920</controlfield>
         <controlfield tag="003">RISM</controlfield>
         <controlfield tag="005">20160216</controlfield>
         <controlfield tag="008">160216n||az|||||||##########||||||||||||</controlfield>
         <datafield tag="040" ind1=" " ind2=" ">
            <subfield code="a">I-Rss</subfield>
         </datafield>
         <datafield tag="043" ind1=" " ind2=" ">
            <subfield code="c">XA-IT</subfield>
         </datafield>
         <datafield tag="110" ind1="2" ind2=" ">
            <subfield code="a">Biblioteca e Archivio della Curia generalizia dei Padri Domenicani di S. Sabina</subfield>
            <subfield code="c">Roma</subfield>
            <subfield code="g">I-Rss</subfield>
         </datafield>
         <datafield tag="622" ind1=" " ind2=" ">
            <subfield code="e">Biblioteca e Archivio della Curia,  generalizia dei Padri Domenicani di S.,  Sabina, Piazza Pietro d'Illiria, 1, 00153 Roma (RM), Italy</subfield>
         </datafield>
      </record>