
      <record>
         <leader>00000nz  a2200169   4500</leader>
         <controlfield tag="001">30005367</controlfield>
         <controlfield tag="003">RISM</controlfield>
         <controlfield tag="005">20160216</controlfield>
         <controlfield tag="008">160216n||az|||||||##########||||||||||||</controlfield>
         <datafield tag="040" ind1=" " ind2=" ">
            <subfield code="a">I-Rssl</subfield>
         </datafield>
         <datafield tag="043" ind1=" " ind2=" ">
            <subfield code="c">XA-IT</subfield>
         </datafield>
         <datafield tag="110" ind1="2" ind2=" ">
            <subfield code="a">Archivio della Chiesa di S. Salvatore in Lauro</subfield>
            <subfield code="c">Roma</subfield>
            <subfield code="g">I-Rssl</subfield>
         </datafield>
         <datafield tag="580" ind1=" " ind2=" ">
            <subfield code="x">I-Rpic</subfield>
            <subfield code="0">30003514</subfield>
         </datafield>
         <datafield tag="622" ind1=" " ind2=" ">
            <subfield code="e">Archivio della Chiesa di S. Salvatore in,  Lauro, Piazza S. Salvatore in Lauro, 15, 00186 Roma (RM), Italy</subfield>
         </datafield>
      </record>