
      <record>
         <leader>00000nz  a2200169   4500</leader>
         <controlfield tag="001">30080381</controlfield>
         <controlfield tag="003">RISM</controlfield>
         <controlfield tag="005">20160216</controlfield>
         <controlfield tag="008">160216n||az|||||||##########||||||||||||</controlfield>
         <datafield tag="040" ind1=" " ind2=" ">
            <subfield code="a">I-Rtor</subfield>
         </datafield>
         <datafield tag="043" ind1=" " ind2=" ">
            <subfield code="c">XA-IT</subfield>
         </datafield>
         <datafield tag="110" ind1="2" ind2=" ">
            <subfield code="a">Archivio storico e audiovisuale Fondazione Teatro dell'Opera di Roma</subfield>
            <subfield code="c">Roma</subfield>
            <subfield code="g">I-Rtor</subfield>
         </datafield>
         <datafield tag="622" ind1=" " ind2=" ">
            <subfield code="e">Archivio storico e audiovisuale,  Fondazione Teatro dell'Opera di Roma, Via Firenze, 60, 00184 Roma (RM), Italy</subfield>
            <subfield code="u">http://www.operaroma.it/ita/index.php</subfield>
         </datafield>
      </record>