
      <record>
         <leader>00000nz  a2200169   4500</leader>
         <controlfield tag="001">30080388</controlfield>
         <controlfield tag="003">RISM</controlfield>
         <controlfield tag="005">20160216</controlfield>
         <controlfield tag="008">160216n||az|||||||##########||||||||||||</controlfield>
         <datafield tag="040" ind1=" " ind2=" ">
            <subfield code="a">I-Rts</subfield>
         </datafield>
         <datafield tag="043" ind1=" " ind2=" ">
            <subfield code="c">XA-IT</subfield>
         </datafield>
         <datafield tag="110" ind1="2" ind2=" ">
            <subfield code="a">Università degli Studi Roma Tre, Biblioteca di Area delle Arti, Sezione Spettacolo Lino Miccichè</subfield>
            <subfield code="c">Roma</subfield>
            <subfield code="g">I-Rts</subfield>
         </datafield>
         <datafield tag="622" ind1=" " ind2=" ">
            <subfield code="e">Università degli Studi Roma Tre,,  Biblioteca di Area delle Arti, Sezione,  Spettacolo Lino Miccichè, Via Ostiense, 139, 00154 Roma (RM), Italy</subfield>
            <subfield code="u">http://host.uniroma3.it/biblioteche/baa.php</subfield>
         </datafield>
      </record>