
      <record>
         <leader>00000nz  a2200169   4500</leader>
         <controlfield tag="001">30005368</controlfield>
         <controlfield tag="003">RISM</controlfield>
         <controlfield tag="005">20160216</controlfield>
         <controlfield tag="008">160216n||az|||||||##########||||||||||||</controlfield>
         <datafield tag="040" ind1=" " ind2=" ">
            <subfield code="a">I-Rvcc</subfield>
         </datafield>
         <datafield tag="043" ind1=" " ind2=" ">
            <subfield code="c">XA-IT</subfield>
         </datafield>
         <datafield tag="110" ind1="2" ind2=" ">
            <subfield code="a">Archivio del Nobile Collegio Chimico Farmaceutico (Universitas Aromatariorum Urbis) in S. Lorenzo in Miranda</subfield>
            <subfield code="c">Roma</subfield>
            <subfield code="g">I-Rvcc</subfield>
         </datafield>
         <datafield tag="622" ind1=" " ind2=" ">
            <subfield code="e">Archivio del Nobile Collegio Chimico,  Farmaceutico (Universitas Aromatariorum,  Urbis) in S. Lorenzo in Miranda, Via in Miranda, 10, 00186 Roma (RM), Italy</subfield>
            <subfield code="u">http://nobilecollegio.it/</subfield>
         </datafield>
      </record>