
      <record>
         <leader>00000nz  a2200169   4500</leader>
         <controlfield tag="001">30001930</controlfield>
         <controlfield tag="003">RISM</controlfield>
         <controlfield tag="005">20160216</controlfield>
         <controlfield tag="008">160216n||az|||||||##########||||||||||||</controlfield>
         <datafield tag="040" ind1=" " ind2=" ">
            <subfield code="a">I-RVE</subfield>
         </datafield>
         <datafield tag="043" ind1=" " ind2=" ">
            <subfield code="c">XA-IT</subfield>
         </datafield>
         <datafield tag="110" ind1="2" ind2=" ">
            <subfield code="a">Biblioteca civica Girolamo Tartarotti</subfield>
            <subfield code="c">Rovereto</subfield>
            <subfield code="g">I-RVE</subfield>
         </datafield>
         <datafield tag="622" ind1=" " ind2=" ">
            <subfield code="e">Biblioteca civica Girolamo Tartarotti, Corso Angelo Bettini, 43, 38068 Rovereto (TN), Italy</subfield>
            <subfield code="u">http://www.bibliotecacivica.rovereto.tn.it/</subfield>
         </datafield>
      </record>