
      <record>
         <leader>00000nz  a2200169   4500</leader>
         <controlfield tag="001">30005399</controlfield>
         <controlfield tag="003">RISM</controlfield>
         <controlfield tag="005">20160216</controlfield>
         <controlfield tag="008">160216n||az|||||||##########||||||||||||</controlfield>
         <datafield tag="040" ind1=" " ind2=" ">
            <subfield code="a">I-RVEaa</subfield>
         </datafield>
         <datafield tag="043" ind1=" " ind2=" ">
            <subfield code="c">XA-IT</subfield>
         </datafield>
         <datafield tag="110" ind1="2" ind2=" ">
            <subfield code="a">Accademia Roveretana degli Agiati di Scienze, Lettere ed Arti, Biblioteca</subfield>
            <subfield code="c">Roveretto</subfield>
            <subfield code="g">I-RVEaa</subfield>
         </datafield>
         <datafield tag="410" ind1="2" ind2=" ">
            <subfield code="a">Accademia Roveretana degli Agiati, Biblioteca</subfield>
         </datafield>
         <datafield tag="622" ind1=" " ind2=" ">
            <subfield code="e">Accademia Roveretana degli Agiati di, Scienze, Lettere ed Arti, Biblioteca, Via Canestrini 2, I-38068 Rovereto, (TN). Regione Trentino Alto Adige</subfield>
         </datafield>
      </record>