
      <record>
         <leader>00000nz  a2200169   4500</leader>
         <controlfield tag="001">30004942</controlfield>
         <controlfield tag="003">RISM</controlfield>
         <controlfield tag="005">20160216</controlfield>
         <controlfield tag="008">160216n||az|||||||##########||||||||||||</controlfield>
         <datafield tag="040" ind1=" " ind2=" ">
            <subfield code="a">I-RVEar</subfield>
         </datafield>
         <datafield tag="043" ind1=" " ind2=" ">
            <subfield code="c">XA-IT</subfield>
         </datafield>
         <datafield tag="110" ind1="2" ind2=" ">
            <subfield code="a">Biblioteca Rosminiana</subfield>
            <subfield code="c">Roveretto</subfield>
            <subfield code="g">I-RVEar</subfield>
         </datafield>
         <datafield tag="410" ind1="2" ind2=" ">
            <subfield code="a">Biblioteca della Casa Natale di A. Rosmini (Padri Rosminiani)</subfield>
         </datafield>
         <datafield tag="622" ind1=" " ind2=" ">
            <subfield code="e">Biblioteca Rosminiana, Via Stoppani 1, I-38 68 Rovereto (TN)., Regione Trentino Alto Adige</subfield>
         </datafield>
      </record>