
      <record>
         <leader>00000nz  a2200169   4500</leader>
         <controlfield tag="001">30005590</controlfield>
         <controlfield tag="003">RISM</controlfield>
         <controlfield tag="005">20160216</controlfield>
         <controlfield tag="008">160216n||az|||||||##########||||||||||||</controlfield>
         <datafield tag="040" ind1=" " ind2=" ">
            <subfield code="a">I-RVEsf</subfield>
         </datafield>
         <datafield tag="043" ind1=" " ind2=" ">
            <subfield code="c">XA-IT</subfield>
         </datafield>
         <datafield tag="110" ind1="2" ind2=" ">
            <subfield code="a">Convento dei Minori Francescani di S. Rocco, Biblioteca</subfield>
            <subfield code="c">Roveretto</subfield>
            <subfield code="g">I-RVEsf</subfield>
         </datafield>
         <datafield tag="410" ind1="2" ind2=" ">
            <subfield code="a">Biblioteca Conventuale dei FF. Minori Francescani</subfield>
         </datafield>
         <datafield tag="622" ind1=" " ind2=" ">
            <subfield code="e">Convento dei Minori Francescani di S., Rocco, Biblioteca, Via Bettini 7, I-38068 Rovereto (TN)., Regione Trentino Alto Adige</subfield>
         </datafield>
      </record>