
      <record>
         <leader>00000nz  a2200169   4500</leader>
         <controlfield tag="001">30001931</controlfield>
         <controlfield tag="003">RISM</controlfield>
         <controlfield tag="005">20160216</controlfield>
         <controlfield tag="008">160216n||az|||||||##########||||||||||||</controlfield>
         <datafield tag="040" ind1=" " ind2=" ">
            <subfield code="a">I-RVI</subfield>
         </datafield>
         <datafield tag="043" ind1=" " ind2=" ">
            <subfield code="c">XA-IT</subfield>
         </datafield>
         <datafield tag="110" ind1="2" ind2=" ">
            <subfield code="a">Accademia dei Concordi, Biblioteca</subfield>
            <subfield code="c">Rovigo</subfield>
            <subfield code="g">I-RVI</subfield>
         </datafield>
         <datafield tag="410" ind1="2" ind2=" ">
            <subfield code="a">Accademia dei Concordi</subfield>
         </datafield>
         <datafield tag="410" ind1="2" ind2=" ">
            <subfield code="a">Accademia e Biblioteca dei Concordi</subfield>
         </datafield>
         <datafield tag="622" ind1=" " ind2=" ">
            <subfield code="e">Accademia dei Concordi, Biblioteca, Piazza Vittorio Emanuele II 14, I-45100, Rovigo. Regione Veneto</subfield>
         </datafield>
      </record>