
      <record>
         <leader>00000nz  a2200169   4500</leader>
         <controlfield tag="001">30004899</controlfield>
         <controlfield tag="003">RISM</controlfield>
         <controlfield tag="005">20160216</controlfield>
         <controlfield tag="008">160216n||az|||||||##########||||||||||||</controlfield>
         <datafield tag="040" ind1=" " ind2=" ">
            <subfield code="a">I-Rvic</subfield>
         </datafield>
         <datafield tag="043" ind1=" " ind2=" ">
            <subfield code="c">XA-IT</subfield>
         </datafield>
         <datafield tag="110" ind1="2" ind2=" ">
            <subfield code="a">Archivio del Vicariato</subfield>
            <subfield code="c">Roma</subfield>
            <subfield code="g">I-Rvic</subfield>
         </datafield>
         <datafield tag="410" ind1="2" ind2=" ">
            <subfield code="a">Archivio storico diocesano</subfield>
         </datafield>
         <datafield tag="622" ind1=" " ind2=" ">
            <subfield code="e">Archivio del Vicariato, Piazza San Giovanni in Laterano, 4, 00184 Roma (RM), Italy</subfield>
            <subfield code="u">http://www.vicariatusurbis.org/</subfield>
         </datafield>
      </record>