
      <record>
         <leader>00000nz  a2200169   4500</leader>
         <controlfield tag="001">30005907</controlfield>
         <controlfield tag="003">RISM</controlfield>
         <controlfield tag="005">20160216</controlfield>
         <controlfield tag="008">160216n||az|||||||##########||||||||||||</controlfield>
         <datafield tag="040" ind1=" " ind2=" ">
            <subfield code="a">I-RVIcc</subfield>
         </datafield>
         <datafield tag="043" ind1=" " ind2=" ">
            <subfield code="c">XA-IT</subfield>
         </datafield>
         <datafield tag="110" ind1="2" ind2=" ">
            <subfield code="a">Convento dei PP. Cappuccini, Biblioteca</subfield>
            <subfield code="c">Rovigo</subfield>
            <subfield code="g">I-RVIcc</subfield>
         </datafield>
         <datafield tag="622" ind1=" " ind2=" ">
            <subfield code="e">Convento dei PP. Cappuccini, Biblioteca, Via Cappuccini 18, I-45100 Rovigo., Regione Veneto</subfield>
         </datafield>
      </record>