
      <record>
         <leader>00000nz  a2200169   4500</leader>
         <controlfield tag="001">30080387</controlfield>
         <controlfield tag="003">RISM</controlfield>
         <controlfield tag="005">20160216</controlfield>
         <controlfield tag="008">160216n||az|||||||##########||||||||||||</controlfield>
         <datafield tag="040" ind1=" " ind2=" ">
            <subfield code="a">I-Rvl</subfield>
         </datafield>
         <datafield tag="043" ind1=" " ind2=" ">
            <subfield code="c">XA-IT</subfield>
         </datafield>
         <datafield tag="110" ind1="2" ind2=" ">
            <subfield code="a">Università degli Studi di Roma Tor Vergata - Biblioteca dell'Area Letteraria, Storica, Filosofica</subfield>
            <subfield code="c">Roma</subfield>
            <subfield code="g">I-Rvl</subfield>
         </datafield>
         <datafield tag="622" ind1=" " ind2=" ">
            <subfield code="e">Università degli Studi di Roma Tor,  Vergata - Biblioteca dell'Area,  Letteraria, Storica, Filosofica, Via Columbia, 1, 00133 Roma (RM), Italy</subfield>
            <subfield code="u">http://goo.gl/SgTteW</subfield>
         </datafield>
      </record>