
      <record>
         <leader>00000nz  a2200169   4500</leader>
         <controlfield tag="001">30001937</controlfield>
         <controlfield tag="003">RISM</controlfield>
         <controlfield tag="005">20160216</controlfield>
         <controlfield tag="008">160216n||az|||||||##########||||||||||||</controlfield>
         <datafield tag="040" ind1=" " ind2=" ">
            <subfield code="a">I-SA</subfield>
         </datafield>
         <datafield tag="043" ind1=" " ind2=" ">
            <subfield code="c">XA-IT</subfield>
         </datafield>
         <datafield tag="110" ind1="2" ind2=" ">
            <subfield code="a">Biblioteca Civica Anton Giulio Barrili</subfield>
            <subfield code="c">Savona</subfield>
            <subfield code="g">I-SA</subfield>
         </datafield>
         <datafield tag="410" ind1="2" ind2=" ">
            <subfield code="a">Biblioteca civica</subfield>
         </datafield>
         <datafield tag="622" ind1=" " ind2=" ">
            <subfield code="e">Biblioteca Civica Anton Giulio Barrili, Palazzo Gavotti, Piazza Chabrol de, Volvic 1 (Via Monturbano 14 ?), I-17100, Savona. Regione Liguria</subfield>
         </datafield>
      </record>