
      <record>
         <leader>00000nz  a2200169   4500</leader>
         <controlfield tag="001">30005931</controlfield>
         <controlfield tag="003">RISM</controlfield>
         <controlfield tag="005">20160216</controlfield>
         <controlfield tag="008">160216n||az|||||||##########||||||||||||</controlfield>
         <datafield tag="040" ind1=" " ind2=" ">
            <subfield code="a">I-SAA</subfield>
         </datafield>
         <datafield tag="043" ind1=" " ind2=" ">
            <subfield code="c">XA-IT</subfield>
         </datafield>
         <datafield tag="110" ind1="2" ind2=" ">
            <subfield code="a">Parrocchia di S. Andrea Apostolo, Archivio</subfield>
            <subfield code="c">Sassetta</subfield>
            <subfield code="g">I-SAA</subfield>
         </datafield>
         <datafield tag="622" ind1=" " ind2=" ">
            <subfield code="e">Parrocchia di S. Andrea Apostolo,, Archivio, Via Plebiscito 12, I-57020 Sassetta, (LI). Regione Toscana</subfield>
         </datafield>
      </record>