
      <record>
         <leader>00000nz  a2200169   4500</leader>
         <controlfield tag="001">30001932</controlfield>
         <controlfield tag="003">RISM</controlfield>
         <controlfield tag="005">20160216</controlfield>
         <controlfield tag="008">160216n||az|||||||##########||||||||||||</controlfield>
         <datafield tag="040" ind1=" " ind2=" ">
            <subfield code="a">I-Sac</subfield>
         </datafield>
         <datafield tag="043" ind1=" " ind2=" ">
            <subfield code="c">XA-IT</subfield>
         </datafield>
         <datafield tag="110" ind1="2" ind2=" ">
            <subfield code="a">Biblioteca dell'Accademia musicale Chigiana</subfield>
            <subfield code="c">Siena</subfield>
            <subfield code="g">I-Sac</subfield>
         </datafield>
         <datafield tag="622" ind1=" " ind2=" ">
            <subfield code="e">Biblioteca dell'Accademia musicale,  Chigiana, Via di Città, 89, 53100 Siena (SI), Italy</subfield>
            <subfield code="u">http://www.chigiana.it/scopri-laccademia/biblioteca/</subfield>
         </datafield>
      </record>