
      <record>
         <leader>00000nz  a2200169   4500</leader>
         <controlfield tag="001">30005403</controlfield>
         <controlfield tag="003">RISM</controlfield>
         <controlfield tag="005">20160216</controlfield>
         <controlfield tag="008">160216n||az|||||||##########||||||||||||</controlfield>
         <datafield tag="040" ind1=" " ind2=" ">
            <subfield code="a">I-SACsp</subfield>
         </datafield>
         <datafield tag="043" ind1=" " ind2=" ">
            <subfield code="c">XA-IT</subfield>
         </datafield>
         <datafield tag="110" ind1="2" ind2=" ">
            <subfield code="a">Parrocchia di S. Pietro, Archivio</subfield>
            <subfield code="c">Sala Consilina</subfield>
            <subfield code="g">I-SACsp</subfield>
         </datafield>
         <datafield tag="622" ind1=" " ind2=" ">
            <subfield code="e">Parrocchia di S. Pietro, Archivio, Via Albino, I-84036 Sala Consilina, (SA). Regione Campania</subfield>
         </datafield>
      </record>