
      <record>
         <leader>00000nz  a2200169   4500</leader>
         <controlfield tag="001">30005418</controlfield>
         <controlfield tag="003">RISM</controlfield>
         <controlfield tag="005">20160216</controlfield>
         <controlfield tag="008">160216n||az|||||||##########||||||||||||</controlfield>
         <datafield tag="040" ind1=" " ind2=" ">
            <subfield code="a">I-SAF</subfield>
         </datafield>
         <datafield tag="043" ind1=" " ind2=" ">
            <subfield code="c">XA-IT</subfield>
         </datafield>
         <datafield tag="110" ind1="2" ind2=" ">
            <subfield code="a">Teatro Mariani, Archivio Storico</subfield>
            <subfield code="c">Sant'Agata Feltria</subfield>
            <subfield code="g">I-SAF</subfield>
         </datafield>
         <datafield tag="622" ind1=" " ind2=" ">
            <subfield code="e">Teatro Mariani, Archivio Storico, Piazza Garibaldi, I-61019 Sant'Agata, Feltria (PS). Regione Marche</subfield>
         </datafield>
      </record>