
      <record>
         <leader>00000nz  a2200169   4500</leader>
         <controlfield tag="001">30005420</controlfield>
         <controlfield tag="003">RISM</controlfield>
         <controlfield tag="005">20160216</controlfield>
         <controlfield tag="008">160216n||az|||||||##########||||||||||||</controlfield>
         <datafield tag="040" ind1=" " ind2=" ">
            <subfield code="a">I-SAGcu</subfield>
         </datafield>
         <datafield tag="043" ind1=" " ind2=" ">
            <subfield code="c">XA-IT</subfield>
         </datafield>
         <datafield tag="110" ind1="2" ind2=" ">
            <subfield code="a">Curia, Archivio e Biblioteca</subfield>
            <subfield code="c">Sant'Angelo in Vado</subfield>
            <subfield code="g">I-SAGcu</subfield>
         </datafield>
         <datafield tag="622" ind1=" " ind2=" ">
            <subfield code="e">Curia, Archivio e Biblioteca, I-61048 Sant'Angelo in Vado (PS)</subfield>
         </datafield>
      </record>