
      <record>
         <leader>00000nz  a2200169   4500</leader>
         <controlfield tag="001">30004950</controlfield>
         <controlfield tag="003">RISM</controlfield>
         <controlfield tag="005">20160216</controlfield>
         <controlfield tag="008">160216n||az|||||||##########||||||||||||</controlfield>
         <datafield tag="040" ind1=" " ind2=" ">
            <subfield code="a">I-SANc</subfield>
         </datafield>
         <datafield tag="043" ind1=" " ind2=" ">
            <subfield code="c">XA-IT</subfield>
         </datafield>
         <datafield tag="110" ind1="2" ind2=" ">
            <subfield code="a">Biblioteca Civica Pro Loco</subfield>
            <subfield code="c">Santhià</subfield>
            <subfield code="g">I-SANc</subfield>
         </datafield>
         <datafield tag="622" ind1=" " ind2=" ">
            <subfield code="e">Biblioteca Civica Pro Loco, Via De Rege 7, I-13048 Santhià (VC)., Regione Piemonte</subfield>
         </datafield>
      </record>