
      <record>
         <leader>00000nz  a2200169   4500</leader>
         <controlfield tag="001">30004951</controlfield>
         <controlfield tag="003">RISM</controlfield>
         <controlfield tag="005">20160216</controlfield>
         <controlfield tag="008">160216n||az|||||||##########||||||||||||</controlfield>
         <datafield tag="040" ind1=" " ind2=" ">
            <subfield code="a">I-SARs</subfield>
         </datafield>
         <datafield tag="043" ind1=" " ind2=" ">
            <subfield code="c">XA-IT</subfield>
         </datafield>
         <datafield tag="110" ind1="2" ind2=" ">
            <subfield code="a">Biblioteca Niccolò V del Seminario Vescovile</subfield>
            <subfield code="c">Sarzana</subfield>
            <subfield code="g">I-SARs</subfield>
         </datafield>
         <datafield tag="622" ind1=" " ind2=" ">
            <subfield code="e">Biblioteca Niccolò V del Seminario, Vescovile, Via Mascardi 93, I-19038 Sarzana (SP)., Regione Liguria</subfield>
         </datafield>
      </record>