
      <record>
         <leader>00000nz  a2200169   4500</leader>
         <controlfield tag="001">30005426</controlfield>
         <controlfield tag="003">RISM</controlfield>
         <controlfield tag="005">20160216</controlfield>
         <controlfield tag="008">160216n||az|||||||##########||||||||||||</controlfield>
         <datafield tag="040" ind1=" " ind2=" ">
            <subfield code="a">I-SASc</subfield>
         </datafield>
         <datafield tag="043" ind1=" " ind2=" ">
            <subfield code="c">XA-IT</subfield>
         </datafield>
         <datafield tag="110" ind1="2" ind2=" ">
            <subfield code="a">Conservatorio di Musica L. Canepa, Biblioteca</subfield>
            <subfield code="c">Sassari</subfield>
            <subfield code="g">I-SASc</subfield>
         </datafield>
         <datafield tag="410" ind1="2" ind2=" ">
            <subfield code="a">Conservatorio Statale di Musica L. Canepa, Biblioteca</subfield>
         </datafield>
         <datafield tag="622" ind1=" " ind2=" ">
            <subfield code="e">Conservatorio di Musica L. Canepa,, Biblioteca, Largo Cappuccini, I-07100 Sassari., Regione Sardegna</subfield>
         </datafield>
      </record>