
      <record>
         <leader>00000nz  a2200169   4500</leader>
         <controlfield tag="001">30003937</controlfield>
         <controlfield tag="003">RISM</controlfield>
         <controlfield tag="005">20160216</controlfield>
         <controlfield tag="008">160216n||az|||||||##########||||||||||||</controlfield>
         <datafield tag="040" ind1=" " ind2=" ">
            <subfield code="a">I-SASd</subfield>
         </datafield>
         <datafield tag="043" ind1=" " ind2=" ">
            <subfield code="c">XA-IT</subfield>
         </datafield>
         <datafield tag="110" ind1="2" ind2=" ">
            <subfield code="a">Archivio Storico Diocesano (Archivio del Duomo)</subfield>
            <subfield code="c">Sassari</subfield>
            <subfield code="g">I-SASd</subfield>
         </datafield>
         <datafield tag="410" ind1="2" ind2=" ">
            <subfield code="a">Archivio del Duomo</subfield>
         </datafield>
         <datafield tag="410" ind1="2" ind2=" ">
            <subfield code="a">Duomo, Archivio Capitolare</subfield>
         </datafield>
         <datafield tag="622" ind1=" " ind2=" ">
            <subfield code="e">Archivio Storico Diocesano (Archivio, del Duomo), Via Arcivescovado (Largo Porta Nuova 21, ?), I-07100 Sassari. Regione Sardegna</subfield>
         </datafield>
      </record>