
      <record>
         <leader>00000nz  a2200169   4500</leader>
         <controlfield tag="001">30004953</controlfield>
         <controlfield tag="003">RISM</controlfield>
         <controlfield tag="005">20160216</controlfield>
         <controlfield tag="008">160216n||az|||||||##########||||||||||||</controlfield>
         <datafield tag="040" ind1=" " ind2=" ">
            <subfield code="a">I-SBa</subfield>
         </datafield>
         <datafield tag="043" ind1=" " ind2=" ">
            <subfield code="c">XA-IT</subfield>
         </datafield>
         <datafield tag="110" ind1="2" ind2=" ">
            <subfield code="a">Chiesa della S. Maria Assunta, Archivio Storico Parrocchiale</subfield>
            <subfield code="c">Sabbioneta</subfield>
            <subfield code="g">I-SBa</subfield>
         </datafield>
         <datafield tag="622" ind1=" " ind2=" ">
            <subfield code="e">Chiesa della S. Maria Assunta, Archivio, Storico Parrocchiale, Via dell'Assunta 7, I-46018 Sabbioneta, (MN). Regione Lombardia</subfield>
         </datafield>
      </record>