
      <record>
         <leader>00000nz  a2200169   4500</leader>
         <controlfield tag="001">30004954</controlfield>
         <controlfield tag="003">RISM</controlfield>
         <controlfield tag="005">20160216</controlfield>
         <controlfield tag="008">160216n||az|||||||##########||||||||||||</controlfield>
         <datafield tag="040" ind1=" " ind2=" ">
            <subfield code="a">I-SBPc</subfield>
         </datafield>
         <datafield tag="043" ind1=" " ind2=" ">
            <subfield code="c">XA-IT</subfield>
         </datafield>
         <datafield tag="110" ind1="2" ind2=" ">
            <subfield code="a">Biblioteca Comunale Giovanni Pascoli</subfield>
            <subfield code="c">San Benedetto Po</subfield>
            <subfield code="g">I-SBPc</subfield>
         </datafield>
         <datafield tag="622" ind1=" " ind2=" ">
            <subfield code="e">Biblioteca Comunale Giovanni Pascoli, Piazza T. Folengo 22, I-46027 San, Benedetto Po (MN). Regione Lombardia</subfield>
         </datafield>
      </record>