
      <record>
         <leader>00000nz  a2200169   4500</leader>
         <controlfield tag="001">30004955</controlfield>
         <controlfield tag="003">RISM</controlfield>
         <controlfield tag="005">20160216</controlfield>
         <controlfield tag="008">160216n||az|||||||##########||||||||||||</controlfield>
         <datafield tag="040" ind1=" " ind2=" ">
            <subfield code="a">I-SBPp</subfield>
         </datafield>
         <datafield tag="043" ind1=" " ind2=" ">
            <subfield code="c">XA-IT</subfield>
         </datafield>
         <datafield tag="110" ind1="2" ind2=" ">
            <subfield code="a">Archivio Parrocchiale</subfield>
            <subfield code="c">San Benedetto Po</subfield>
            <subfield code="g">I-SBPp</subfield>
         </datafield>
         <datafield tag="622" ind1=" " ind2=" ">
            <subfield code="e">Archivio Parrocchiale, Biblioteca Polironiana delle Abbazia di, S. Benedetto, Piazza T. Folengo 2, I, -46027 San Benedetto Po</subfield>
         </datafield>
      </record>