
      <record>
         <leader>00000nz  a2200169   4500</leader>
         <controlfield tag="001">30001934</controlfield>
         <controlfield tag="003">RISM</controlfield>
         <controlfield tag="005">20160216</controlfield>
         <controlfield tag="008">160216n||az|||||||##########||||||||||||</controlfield>
         <datafield tag="040" ind1=" " ind2=" ">
            <subfield code="a">I-Sc</subfield>
         </datafield>
         <datafield tag="043" ind1=" " ind2=" ">
            <subfield code="c">XA-IT</subfield>
         </datafield>
         <datafield tag="110" ind1="2" ind2=" ">
            <subfield code="a">Biblioteca comunale degli Intronati</subfield>
            <subfield code="c">Siena</subfield>
            <subfield code="g">I-Sc</subfield>
         </datafield>
         <datafield tag="622" ind1=" " ind2=" ">
            <subfield code="e">Biblioteca comunale degli Intronati, Via della Sapienza, 3, 53100 Siena (SI), Italy</subfield>
            <subfield code="u">http://www.bibliotecasiena.it/</subfield>
         </datafield>
      </record>