
      <record>
         <leader>00000nz  a2200169   4500</leader>
         <controlfield tag="001">30005409</controlfield>
         <controlfield tag="003">RISM</controlfield>
         <controlfield tag="005">20160216</controlfield>
         <controlfield tag="008">160216n||az|||||||##########||||||||||||</controlfield>
         <datafield tag="040" ind1=" " ind2=" ">
            <subfield code="a">I-SCAcc</subfield>
         </datafield>
         <datafield tag="043" ind1=" " ind2=" ">
            <subfield code="c">XA-IT</subfield>
         </datafield>
         <datafield tag="110" ind1="2" ind2=" ">
            <subfield code="a">Archivio e Biblioteca del museo della Collegiata</subfield>
            <subfield code="c">San Candido</subfield>
            <subfield code="g">I-SCAcc</subfield>
         </datafield>
         <datafield tag="410" ind1="2" ind2=" ">
            <subfield code="a">Archiv und Bibliothek des Museums Stift Innichen</subfield>
         </datafield>
         <datafield tag="622" ind1=" " ind2=" ">
            <subfield code="e">Archivio e Biblioteca del museo, della Collegiata, Via Atto, 3, 39038 San Candido (BZ), Italy</subfield>
            <subfield code="u">http://goo.gl/k57RNz</subfield>
         </datafield>
      </record>