
      <record>
         <leader>00000nz  a2200169   4500</leader>
         <controlfield tag="001">30004956</controlfield>
         <controlfield tag="003">RISM</controlfield>
         <controlfield tag="005">20160216</controlfield>
         <controlfield tag="008">160216n||az|||||||##########||||||||||||</controlfield>
         <datafield tag="040" ind1=" " ind2=" ">
            <subfield code="a">I-SCc</subfield>
         </datafield>
         <datafield tag="043" ind1=" " ind2=" ">
            <subfield code="c">XA-IT</subfield>
         </datafield>
         <datafield tag="110" ind1="2" ind2=" ">
            <subfield code="a">Biblioteca Comunale T. Fazello</subfield>
            <subfield code="c">Sciacca</subfield>
            <subfield code="g">I-SCc</subfield>
         </datafield>
         <datafield tag="622" ind1=" " ind2=" ">
            <subfield code="e">Biblioteca Comunale T. Fazello, Via Roma 5, I-92019 Sciacca (AG)., Regione Sicilia</subfield>
         </datafield>
      </record>