
      <record>
         <leader>00000nz  a2200169   4500</leader>
         <controlfield tag="001">30080465</controlfield>
         <controlfield tag="003">RISM</controlfield>
         <controlfield tag="005">20160216</controlfield>
         <controlfield tag="008">160216n||az|||||||##########||||||||||||</controlfield>
         <datafield tag="040" ind1=" " ind2=" ">
            <subfield code="a">I-SCHL</subfield>
         </datafield>
         <datafield tag="043" ind1=" " ind2=" ">
            <subfield code="c">XA-IT</subfield>
         </datafield>
         <datafield tag="110" ind1="2" ind2=" ">
            <subfield code="a">Schloss Churburg</subfield>
            <subfield code="c">Schluderns</subfield>
            <subfield code="g">I-SCHL</subfield>
         </datafield>
         <datafield tag="410" ind1="2" ind2=" ">
            <subfield code="a">Castel Coira</subfield>
         </datafield>
         <datafield tag="622" ind1=" " ind2=" ">
            <subfield code="e">Schloss Churburg, Churburg 1, 39020 Schluderns, Italy</subfield>
            <subfield code="u">http://www.churburg.com/</subfield>
         </datafield>
      </record>