
      <record>
         <leader>00000nz  a2200169   4500</leader>
         <controlfield tag="001">30005429</controlfield>
         <controlfield tag="003">RISM</controlfield>
         <controlfield tag="005">20160216</controlfield>
         <controlfield tag="008">160216n||az|||||||##########||||||||||||</controlfield>
         <datafield tag="040" ind1=" " ind2=" ">
            <subfield code="a">I-SCHsf</subfield>
         </datafield>
         <datafield tag="043" ind1=" " ind2=" ">
            <subfield code="c">XA-IT</subfield>
         </datafield>
         <datafield tag="110" ind1="2" ind2=" ">
            <subfield code="a">Biblioteca dei Cappuccini (Convento di S. Francesco)</subfield>
            <subfield code="c">Schio</subfield>
            <subfield code="g">I-SCHsf</subfield>
         </datafield>
         <datafield tag="410" ind1="2" ind2=" ">
            <subfield code="a">Convento di S. Francesco, Archivio</subfield>
         </datafield>
         <datafield tag="622" ind1=" " ind2=" ">
            <subfield code="e">Biblioteca dei Cappuccini (Convento di, S. Francesco), Via Cappuccini 16, I-36015 Schio (VI)., Regione Veneto</subfield>
         </datafield>
      </record>