
      <record>
         <leader>00000nz  a2200169   4500</leader>
         <controlfield tag="001">30070379</controlfield>
         <controlfield tag="003">RISM</controlfield>
         <controlfield tag="005">20160216</controlfield>
         <controlfield tag="008">160216n||az|||||||##########||||||||||||</controlfield>
         <datafield tag="040" ind1=" " ind2=" ">
            <subfield code="a">I-SCR</subfield>
         </datafield>
         <datafield tag="043" ind1=" " ind2=" ">
            <subfield code="c">XA-IT</subfield>
         </datafield>
         <datafield tag="110" ind1="2" ind2=" ">
            <subfield code="a">Biblioteca e Archivio della Collegiata di S. Croce sull'Arno &lt;Santa Croce sull'Arno&gt;</subfield>
            <subfield code="c">Santa Croce sull'Arno</subfield>
            <subfield code="g">I-SCR</subfield>
         </datafield>
      </record>