
      <record>
         <leader>00000nz  a2200169   4500</leader>
         <controlfield tag="001">30001935</controlfield>
         <controlfield tag="003">RISM</controlfield>
         <controlfield tag="005">20160216</controlfield>
         <controlfield tag="008">160216n||az|||||||##########||||||||||||</controlfield>
         <datafield tag="040" ind1=" " ind2=" ">
            <subfield code="a">I-Sd</subfield>
         </datafield>
         <datafield tag="043" ind1=" " ind2=" ">
            <subfield code="c">XA-IT</subfield>
         </datafield>
         <datafield tag="110" ind1="2" ind2=" ">
            <subfield code="a">Archivio del Duomo, Biblioteca Piccolomini e Opera Metropolitana</subfield>
            <subfield code="c">Siena</subfield>
            <subfield code="g">I-Sd</subfield>
         </datafield>
         <datafield tag="622" ind1=" " ind2=" ">
            <subfield code="e">Archivio del Duomo, Biblioteca,  Piccolomini e Opera Metropolitana, Piazza del Duomo, 53100 Siena (SI), Italy</subfield>
            <subfield code="u">http://www.operaduomo.siena.it/</subfield>
         </datafield>
      </record>