
      <record>
         <leader>00000nz  a2200169   4500</leader>
         <controlfield tag="001">30003520</controlfield>
         <controlfield tag="003">RISM</controlfield>
         <controlfield tag="005">20160216</controlfield>
         <controlfield tag="008">160216n||az|||||||##########||||||||||||</controlfield>
         <datafield tag="040" ind1=" " ind2=" ">
            <subfield code="a">I-SDF</subfield>
         </datafield>
         <datafield tag="043" ind1=" " ind2=" ">
            <subfield code="c">XA-IT</subfield>
         </datafield>
         <datafield tag="110" ind1="2" ind2=" ">
            <subfield code="a">Biblioteca Civica Guarneriana</subfield>
            <subfield code="c">San Daniele del Friuli</subfield>
            <subfield code="g">I-SDF</subfield>
         </datafield>
         <datafield tag="622" ind1=" " ind2=" ">
            <subfield code="e">Biblioteca Civica Guarneriana, Via Roma, I-33038 San Daniele del, Friuli (UD). Regione Friuli Venezia, Giulia</subfield>
         </datafield>
      </record>