
      <record>
         <leader>00000nz  a2200169   4500</leader>
         <controlfield tag="001">30004960</controlfield>
         <controlfield tag="003">RISM</controlfield>
         <controlfield tag="005">20160216</controlfield>
         <controlfield tag="008">160216n||az|||||||##########||||||||||||</controlfield>
         <datafield tag="040" ind1=" " ind2=" ">
            <subfield code="a">I-SERa</subfield>
         </datafield>
         <datafield tag="043" ind1=" " ind2=" ">
            <subfield code="c">XA-IT</subfield>
         </datafield>
         <datafield tag="110" ind1="2" ind2=" ">
            <subfield code="a">Abbazia di S. Benedetto, Biblioteca</subfield>
            <subfield code="c">Seregno</subfield>
            <subfield code="g">I-SERa</subfield>
         </datafield>
         <datafield tag="410" ind1="2" ind2=" ">
            <subfield code="a">Biblioteca dei monaci Olivetani dell'Abbazia di S. Benedetto</subfield>
         </datafield>
         <datafield tag="622" ind1=" " ind2=" ">
            <subfield code="e">Abbazia di S. Benedetto, Biblioteca, Via Stefano da Seregno 100, I-20038, Seregno (MI). Regione Lombardia</subfield>
         </datafield>
      </record>