
      <record>
         <leader>00000nz  a2200169   4500</leader>
         <controlfield tag="001">30005594</controlfield>
         <controlfield tag="003">RISM</controlfield>
         <controlfield tag="005">20160216</controlfield>
         <controlfield tag="008">160216n||az|||||||##########||||||||||||</controlfield>
         <datafield tag="040" ind1=" " ind2=" ">
            <subfield code="a">I-SEsc</subfield>
         </datafield>
         <datafield tag="043" ind1=" " ind2=" ">
            <subfield code="c">XA-IT</subfield>
         </datafield>
         <datafield tag="110" ind1="2" ind2=" ">
            <subfield code="a">Monastero di S. Cristina, Archivio e Biblioteca</subfield>
            <subfield code="c">Senigallia</subfield>
            <subfield code="g">I-SEsc</subfield>
         </datafield>
         <datafield tag="410" ind1="2" ind2=" ">
            <subfield code="a">Archivio Storico Ecclesiastico</subfield>
         </datafield>
         <datafield tag="622" ind1=" " ind2=" ">
            <subfield code="e">Monastero di S. Cristina, Archivio e, Biblioteca, Via Dell'Angelo 4 (Piazza Garibaldi ?),, I-60019 Senigallia (AN). Regione Marche</subfield>
         </datafield>
      </record>