
      <record>
         <leader>00000nz  a2200169   4500</leader>
         <controlfield tag="001">30006487</controlfield>
         <controlfield tag="003">RISM</controlfield>
         <controlfield tag="005">20160216</controlfield>
         <controlfield tag="008">160216n||az|||||||##########||||||||||||</controlfield>
         <datafield tag="040" ind1=" " ind2=" ">
            <subfield code="a">I-SGEap</subfield>
         </datafield>
         <datafield tag="043" ind1=" " ind2=" ">
            <subfield code="c">XA-IT</subfield>
            <subfield code="c">XA-IT</subfield>
         </datafield>
         <datafield tag="110" ind1="2" ind2=" ">
            <subfield code="a">Archivio Parrocchiale</subfield>
            <subfield code="c">San Genesio Atesino</subfield>
            <subfield code="g">I-SGEap</subfield>
         </datafield>
         <datafield tag="410" ind1="2" ind2=" ">
            <subfield code="a">Musikarchiv der Pfarrkirche zum Heiligen Genesius</subfield>
         </datafield>
         <datafield tag="622" ind1=" " ind2=" ">
            <subfield code="e">Archivio Parrocchiale, Schrann, 2, 39050 San Genesio Atesino (BZ), Italy</subfield>
            <subfield code="u">http://www.pfarrei-jenesien.com/de/home.html</subfield>
         </datafield>
      </record>