
      <record>
         <leader>00000nz  a2200169   4500</leader>
         <controlfield tag="001">30004961</controlfield>
         <controlfield tag="003">RISM</controlfield>
         <controlfield tag="005">20160216</controlfield>
         <controlfield tag="008">160216n||az|||||||##########||||||||||||</controlfield>
         <datafield tag="040" ind1=" " ind2=" ">
            <subfield code="a">I-SGFpc</subfield>
         </datafield>
         <datafield tag="043" ind1=" " ind2=" ">
            <subfield code="c">XA-IT</subfield>
         </datafield>
         <datafield tag="110" ind1="2" ind2=" ">
            <subfield code="a">Convento dei Padri Cappuccini, Biblioteca</subfield>
            <subfield code="c">San Giovanni in Fiore</subfield>
            <subfield code="g">I-SGFpc</subfield>
         </datafield>
         <datafield tag="622" ind1=" " ind2=" ">
            <subfield code="e">Convento dei Padri Cappuccini,, Biblioteca, Via Cappuccini, I-87055 San Giovanni in, Fiore (CS). Regione Calabria</subfield>
         </datafield>
      </record>