
      <record>
         <leader>00000nz  a2200169   4500</leader>
         <controlfield tag="001">30005411</controlfield>
         <controlfield tag="003">RISM</controlfield>
         <controlfield tag="005">20160216</controlfield>
         <controlfield tag="008">160216n||az|||||||##########||||||||||||</controlfield>
         <datafield tag="040" ind1=" " ind2=" ">
            <subfield code="a">I-SGm</subfield>
         </datafield>
         <datafield tag="043" ind1=" " ind2=" ">
            <subfield code="c">XA-IT</subfield>
         </datafield>
         <datafield tag="110" ind1="2" ind2=" ">
            <subfield code="a">Museo d'Arte Sacra</subfield>
            <subfield code="c">San Gimignano</subfield>
            <subfield code="g">I-SGm</subfield>
         </datafield>
         <datafield tag="622" ind1=" " ind2=" ">
            <subfield code="e">Museo d'Arte Sacra, I-53037 San Gimignano (SI). Regione, Toscana</subfield>
         </datafield>
      </record>