
      <record>
         <leader>00000nz  a2200169   4500</leader>
         <controlfield tag="001">30005443</controlfield>
         <controlfield tag="003">RISM</controlfield>
         <controlfield tag="005">20160216</controlfield>
         <controlfield tag="008">160216n||az|||||||##########||||||||||||</controlfield>
         <datafield tag="040" ind1=" " ind2=" ">
            <subfield code="a">I-SIm</subfield>
         </datafield>
         <datafield tag="043" ind1=" " ind2=" ">
            <subfield code="c">XA-IT</subfield>
         </datafield>
         <datafield tag="110" ind1="2" ind2=" ">
            <subfield code="a">Museo Archeologico Nazionale di Palazzo Bellomo</subfield>
            <subfield code="c">Siracusa</subfield>
            <subfield code="g">I-SIm</subfield>
         </datafield>
         <datafield tag="622" ind1=" " ind2=" ">
            <subfield code="e">Museo Archeologico Nazionale di Palazzo, Bellomo, Via G. M Capodieci 16, I-96100, Siracusa. Regione Sicilia</subfield>
         </datafield>
      </record>