
      <record>
         <leader>00000nz  a2200169   4500</leader>
         <controlfield tag="001">30004963</controlfield>
         <controlfield tag="003">RISM</controlfield>
         <controlfield tag="005">20160216</controlfield>
         <controlfield tag="008">160216n||az|||||||##########||||||||||||</controlfield>
         <datafield tag="040" ind1=" " ind2=" ">
            <subfield code="a">I-SLAfr</subfield>
         </datafield>
         <datafield tag="043" ind1=" " ind2=" ">
            <subfield code="c">XA-IT</subfield>
         </datafield>
         <datafield tag="110" ind1="2" ind2=" ">
            <subfield code="a">Biblioteca "P.A.M." Fania da Rignano</subfield>
            <subfield code="c">San Marco in Lamis</subfield>
            <subfield code="g">I-SLAfr</subfield>
         </datafield>
         <datafield tag="622" ind1=" " ind2=" ">
            <subfield code="e">Biblioteca "P.A.M." Fania da Rignano, I-71014 San Marco in Lamis (FG)., Regione Puglia</subfield>
         </datafield>
      </record>