
      <record>
         <leader>00000nz  a2200169   4500</leader>
         <controlfield tag="001">30005069</controlfield>
         <controlfield tag="003">RISM</controlfield>
         <controlfield tag="005">20160216</controlfield>
         <controlfield tag="008">160216n||az|||||||##########||||||||||||</controlfield>
         <datafield tag="040" ind1=" " ind2=" ">
            <subfield code="a">I-SLBsa</subfield>
         </datafield>
         <datafield tag="043" ind1=" " ind2=" ">
            <subfield code="c">XA-IT</subfield>
         </datafield>
         <datafield tag="110" ind1="2" ind2=" ">
            <subfield code="a">Parrocchia di S. Antonio di Brentana, Archivio</subfield>
            <subfield code="c">Sulbiate</subfield>
            <subfield code="g">I-SLBsa</subfield>
         </datafield>
         <datafield tag="410" ind1="2" ind2=" ">
            <subfield code="a">Parrocchia di S. Antonio, Archivio</subfield>
         </datafield>
         <datafield tag="622" ind1=" " ind2=" ">
            <subfield code="e">Parrocchia di S. Antonio di Brentana,, Archivio, I-20050 Sulbiate Inferiore</subfield>
         </datafield>
      </record>