
      <record>
         <leader>00000nz  a2200169   4500</leader>
         <controlfield tag="001">30005408</controlfield>
         <controlfield tag="003">RISM</controlfield>
         <controlfield tag="005">20160216</controlfield>
         <controlfield tag="008">160216n||az|||||||##########||||||||||||</controlfield>
         <datafield tag="040" ind1=" " ind2=" ">
            <subfield code="a">I-SLOa</subfield>
         </datafield>
         <datafield tag="043" ind1=" " ind2=" ">
            <subfield code="c">XA-IT</subfield>
         </datafield>
         <datafield tag="110" ind1="2" ind2=" ">
            <subfield code="a">Ateneo, Biblioteca</subfield>
            <subfield code="c">Salò</subfield>
            <subfield code="g">I-SLOa</subfield>
         </datafield>
         <datafield tag="622" ind1=" " ind2=" ">
            <subfield code="e">Ateneo, Biblioteca, I-25087 Salò (BS). Regione Lombardia</subfield>
         </datafield>
      </record>