
      <record>
         <leader>00000nz  a2200169   4500</leader>
         <controlfield tag="001">30004962</controlfield>
         <controlfield tag="003">RISM</controlfield>
         <controlfield tag="005">20160216</controlfield>
         <controlfield tag="008">160216n||az|||||||##########||||||||||||</controlfield>
         <datafield tag="040" ind1=" " ind2=" ">
            <subfield code="a">I-SLp</subfield>
         </datafield>
         <datafield tag="043" ind1=" " ind2=" ">
            <subfield code="c">XA-IT</subfield>
         </datafield>
         <datafield tag="110" ind1="2" ind2=" ">
            <subfield code="a">Biblioteca Provinciale</subfield>
            <subfield code="c">Salerno</subfield>
            <subfield code="g">I-SLp</subfield>
         </datafield>
         <datafield tag="622" ind1=" " ind2=" ">
            <subfield code="e">Biblioteca Provinciale, Via Laspro 1/a, I-84100 Salerno., Regione Campania</subfield>
         </datafield>
      </record>