
      <record>
         <leader>00000nz  a2200169   4500</leader>
         <controlfield tag="001">30005415</controlfield>
         <controlfield tag="003">RISM</controlfield>
         <controlfield tag="005">20160216</controlfield>
         <controlfield tag="008">160216n||az|||||||##########||||||||||||</controlfield>
         <datafield tag="040" ind1=" " ind2=" ">
            <subfield code="a">I-SMFlivi</subfield>
         </datafield>
         <datafield tag="043" ind1=" " ind2=" ">
            <subfield code="c">XA-IT</subfield>
         </datafield>
         <datafield tag="110" ind1="2" ind2=" ">
            <subfield code="a">Biblioteca privata L. Livi</subfield>
            <subfield code="c">San Michele al Fiume</subfield>
            <subfield code="g">I-SMFlivi</subfield>
         </datafield>
         <datafield tag="622" ind1=" " ind2=" ">
            <subfield code="e">Biblioteca privata L. Livi, I-61040 San Michele al Fiume (PS)., Regione Marche</subfield>
         </datafield>
      </record>