
      <record>
         <leader>00000nz  a2200169   4500</leader>
         <controlfield tag="001">30003523</controlfield>
         <controlfield tag="003">RISM</controlfield>
         <controlfield tag="005">20160216</controlfield>
         <controlfield tag="008">160216n||az|||||||##########||||||||||||</controlfield>
         <datafield tag="040" ind1=" " ind2=" ">
            <subfield code="a">I-SML</subfield>
         </datafield>
         <datafield tag="043" ind1=" " ind2=" ">
            <subfield code="c">XA-IT</subfield>
         </datafield>
         <datafield tag="110" ind1="2" ind2=" ">
            <subfield code="a">Biblioteca Comunale Francesco Domenico Costa, Biblioteca Comunale Moderna Achille e Amalia Vago</subfield>
            <subfield code="c">Santa Margherita Ligure</subfield>
            <subfield code="g">I-SML</subfield>
         </datafield>
         <datafield tag="410" ind1="2" ind2=" ">
            <subfield code="a">Biblioteca Comunale Francesco Domenico Costa</subfield>
         </datafield>
         <datafield tag="622" ind1=" " ind2=" ">
            <subfield code="e">Biblioteca Comunale Francesco Domenico, Costa, Biblioteca Comunale Moderna, Achille e Amalia Vago, Corso G. Ramusio 11 (Piazza, Roccatagliata ?), I-16038 Santa, Margherita Ligure (GE). Regione Liguria</subfield>
         </datafield>
      </record>