
      <record>
         <leader>00000nz  a2200169   4500</leader>
         <controlfield tag="001">30005413</controlfield>
         <controlfield tag="003">RISM</controlfield>
         <controlfield tag="005">20160216</controlfield>
         <controlfield tag="008">160216n||az|||||||##########||||||||||||</controlfield>
         <datafield tag="040" ind1=" " ind2=" ">
            <subfield code="a">I-SMSa</subfield>
         </datafield>
         <datafield tag="043" ind1=" " ind2=" ">
            <subfield code="c">XA-IT</subfield>
         </datafield>
         <datafield tag="110" ind1="2" ind2=" ">
            <subfield code="a">Abbazia, Biblioteca</subfield>
            <subfield code="c">San Martino delle Scale</subfield>
            <subfield code="g">I-SMSa</subfield>
         </datafield>
         <datafield tag="622" ind1=" " ind2=" ">
            <subfield code="e">Abbazia, Biblioteca, Via San Martino, I-90040 San Martino, delle Scale (PA). Regione Sicilia</subfield>
         </datafield>
      </record>