
      <record>
         <leader>00000nz  a2200169   4500</leader>
         <controlfield tag="001">30005416</controlfield>
         <controlfield tag="003">RISM</controlfield>
         <controlfield tag="005">20160216</controlfield>
         <controlfield tag="008">160216n||az|||||||##########||||||||||||</controlfield>
         <datafield tag="040" ind1=" " ind2=" ">
            <subfield code="a">I-SNSa</subfield>
         </datafield>
         <datafield tag="043" ind1=" " ind2=" ">
            <subfield code="c">XA-IT</subfield>
         </datafield>
         <datafield tag="110" ind1="2" ind2=" ">
            <subfield code="a">Abbazia, Biblioteca</subfield>
            <subfield code="c">San Nazzaro Sesia</subfield>
            <subfield code="g">I-SNSa</subfield>
         </datafield>
         <datafield tag="622" ind1=" " ind2=" ">
            <subfield code="e">Abbazia, Biblioteca, Via Barnavara 8, I-28060 San Nazzaro, Sesia (NO). Regione Piemonte</subfield>
         </datafield>
      </record>