
      <record>
         <leader>00000nz  a2200169   4500</leader>
         <controlfield tag="001">30003116</controlfield>
         <controlfield tag="003">RISM</controlfield>
         <controlfield tag="005">20160216</controlfield>
         <controlfield tag="008">160216n||az|||||||##########||||||||||||</controlfield>
         <datafield tag="040" ind1=" " ind2=" ">
            <subfield code="a">I-SO</subfield>
         </datafield>
         <datafield tag="043" ind1=" " ind2=" ">
            <subfield code="c">XA-IT</subfield>
         </datafield>
         <datafield tag="110" ind1="2" ind2=" ">
            <subfield code="a">Archivio diocesano collegiata di S. Lorenzo Martire sul Monte Soratte</subfield>
            <subfield code="c">Sant'Oreste</subfield>
            <subfield code="g">I-SO</subfield>
         </datafield>
         <datafield tag="622" ind1=" " ind2=" ">
            <subfield code="e">Archivio diocesano collegiata di S.,  Lorenzo Martire sul Monte Soratte, Piazza Principe di Piemonte, 8, 00060 Sant'Oreste (RM), Italy</subfield>
         </datafield>
      </record>