
      <record>
         <leader>00000nz  a2200169   4500</leader>
         <controlfield tag="001">30005442</controlfield>
         <controlfield tag="003">RISM</controlfield>
         <controlfield tag="005">20160216</controlfield>
         <controlfield tag="008">160216n||az|||||||##########||||||||||||</controlfield>
         <datafield tag="040" ind1=" " ind2=" ">
            <subfield code="a">I-So</subfield>
         </datafield>
         <datafield tag="043" ind1=" " ind2=" ">
            <subfield code="c">XA-IT</subfield>
         </datafield>
         <datafield tag="110" ind1="2" ind2=" ">
            <subfield code="a">Ospedale di S. Maria della Scala</subfield>
            <subfield code="c">Siena</subfield>
            <subfield code="g">I-So</subfield>
         </datafield>
         <datafield tag="622" ind1=" " ind2=" ">
            <subfield code="e">Ospedale di S. Maria della Scala, Piazza Duomo 1, I-53100 Siena. Regione, Toscana</subfield>
         </datafield>
      </record>