
      <record>
         <leader>00000nz  a2200169   4500</leader>
         <controlfield tag="001">30004965</controlfield>
         <controlfield tag="003">RISM</controlfield>
         <controlfield tag="005">20160216</controlfield>
         <controlfield tag="008">160216n||az|||||||##########||||||||||||</controlfield>
         <datafield tag="040" ind1=" " ind2=" ">
            <subfield code="a">I-SOCcd</subfield>
         </datafield>
         <datafield tag="043" ind1=" " ind2=" ">
            <subfield code="c">XA-IT</subfield>
         </datafield>
         <datafield tag="110" ind1="2" ind2=" ">
            <subfield code="a">Convento S. Domenico, Biblioteca</subfield>
            <subfield code="c">Soriano Calabro</subfield>
            <subfield code="g">I-SOCcd</subfield>
         </datafield>
         <datafield tag="410" ind1="2" ind2=" ">
            <subfield code="a">Convento dei Padri Domenicani, Archivio</subfield>
         </datafield>
         <datafield tag="622" ind1=" " ind2=" ">
            <subfield code="e">Convento S. Domenico, Biblioteca, Via S. Domenico 2, I-88017 Soriano, Calabro (CZ). Regione Calabria</subfield>
         </datafield>
      </record>