
      <record>
         <leader>00000nz  a2200169   4500</leader>
         <controlfield tag="001">30003524</controlfield>
         <controlfield tag="003">RISM</controlfield>
         <controlfield tag="005">20160216</controlfield>
         <controlfield tag="008">160216n||az|||||||##########||||||||||||</controlfield>
         <datafield tag="040" ind1=" " ind2=" ">
            <subfield code="a">I-SON</subfield>
         </datafield>
         <datafield tag="043" ind1=" " ind2=" ">
            <subfield code="c">XA-IT</subfield>
         </datafield>
         <datafield tag="110" ind1="2" ind2=" ">
            <subfield code="a">Biblioteca Civica Pio Rajna</subfield>
            <subfield code="c">Sondrio</subfield>
            <subfield code="g">I-SON</subfield>
         </datafield>
         <datafield tag="622" ind1=" " ind2=" ">
            <subfield code="e">Biblioteca Civica Pio Rajna, Via IV Novembre 20, I-23100 Sondrio., Regione Lombardia</subfield>
         </datafield>
      </record>