
      <record>
         <leader>00000nz  a2200169   4500</leader>
         <controlfield tag="001">30005924</controlfield>
         <controlfield tag="003">RISM</controlfield>
         <controlfield tag="005">20160216</controlfield>
         <controlfield tag="008">160216n||az|||||||##########||||||||||||</controlfield>
         <datafield tag="040" ind1=" " ind2=" ">
            <subfield code="a">I-SPAm</subfield>
         </datafield>
         <datafield tag="043" ind1=" " ind2=" ">
            <subfield code="c">XA-IT</subfield>
         </datafield>
         <datafield tag="110" ind1="2" ind2=" ">
            <subfield code="a">Zisterzienserinnen-Kloster Mariengarten</subfield>
            <subfield code="c">St. Pauls (Eppan)</subfield>
            <subfield code="g">I-SPAm</subfield>
         </datafield>
         <datafield tag="622" ind1=" " ind2=" ">
            <subfield code="e">Zisterzienserinnen-Kloster Mariengarten, Schloss-Warth-Weg 31, 39057 St. Pauls (Eppan) (BZ), Italy</subfield>
            <subfield code="u">http://www.mariengarten.it/zisterzienserinnen-kloster.html</subfield>
         </datafield>
      </record>