
      <record>
         <leader>00000nz  a2200169   4500</leader>
         <controlfield tag="001">30001940</controlfield>
         <controlfield tag="003">RISM</controlfield>
         <controlfield tag="005">20160216</controlfield>
         <controlfield tag="008">160216n||az|||||||##########||||||||||||</controlfield>
         <datafield tag="040" ind1=" " ind2=" ">
            <subfield code="a">I-SPd</subfield>
         </datafield>
         <datafield tag="043" ind1=" " ind2=" ">
            <subfield code="c">XA-IT</subfield>
         </datafield>
         <datafield tag="110" ind1="2" ind2=" ">
            <subfield code="a">Archivio storico diocesano</subfield>
            <subfield code="c">Spoleto</subfield>
            <subfield code="g">I-SPd</subfield>
         </datafield>
         <datafield tag="410" ind1="2" ind2=" ">
            <subfield code="a">con il fondo dell'Archivio capitolare del Duomo</subfield>
         </datafield>
         <datafield tag="622" ind1=" " ind2=" ">
            <subfield code="e">Archivio storico diocesano, Piazza del Duomo, 6, 06049 Spoleto (PG), Italy</subfield>
            <subfield code="u">http://www.spoletonorcia.it/uffici/beni-culturali/archivio-storico.html</subfield>
         </datafield>
      </record>