
      <record>
         <leader>00000nz  a2200169   4500</leader>
         <controlfield tag="001">30001941</controlfield>
         <controlfield tag="003">RISM</controlfield>
         <controlfield tag="005">20160216</controlfield>
         <controlfield tag="008">160216n||az|||||||##########||||||||||||</controlfield>
         <datafield tag="040" ind1=" " ind2=" ">
            <subfield code="a">I-SPE</subfield>
         </datafield>
         <datafield tag="043" ind1=" " ind2=" ">
            <subfield code="c">XA-IT</subfield>
         </datafield>
         <datafield tag="110" ind1="2" ind2=" ">
            <subfield code="a">Archivio della Collegiata di S. Maria Maggiore</subfield>
            <subfield code="c">Spello</subfield>
            <subfield code="g">I-SPE</subfield>
         </datafield>
         <datafield tag="622" ind1=" " ind2=" ">
            <subfield code="e">Archivio della Collegiata di S. Maria,  Maggiore, Piazza G. Matteotti, 18, 06038 Spello (PG), Italy</subfield>
            <subfield code="u">http://www.smariamaggiore.com/it/</subfield>
         </datafield>
      </record>