
      <record>
         <leader>00000nz  a2200169   4500</leader>
         <controlfield tag="001">30004967</controlfield>
         <controlfield tag="003">RISM</controlfield>
         <controlfield tag="005">20160216</controlfield>
         <controlfield tag="008">160216n||az|||||||##########||||||||||||</controlfield>
         <datafield tag="040" ind1=" " ind2=" ">
            <subfield code="a">I-SPEsl</subfield>
         </datafield>
         <datafield tag="043" ind1=" " ind2=" ">
            <subfield code="c">XA-IT</subfield>
         </datafield>
         <datafield tag="110" ind1="2" ind2=" ">
            <subfield code="a">Chiesa di S. Lorenzo, Archivio</subfield>
            <subfield code="c">Spello</subfield>
            <subfield code="g">I-SPEsl</subfield>
         </datafield>
         <datafield tag="622" ind1=" " ind2=" ">
            <subfield code="e">Chiesa di S. Lorenzo, Archivio, Via Giulia 2, I-06038 Spello (PG)., Regione Umbria</subfield>
         </datafield>
      </record>