
      <record>
         <leader>00000nz  a2200169   4500</leader>
         <controlfield tag="001">30005444</controlfield>
         <controlfield tag="003">RISM</controlfield>
         <controlfield tag="005">20160216</controlfield>
         <controlfield tag="008">160216n||az|||||||##########||||||||||||</controlfield>
         <datafield tag="040" ind1=" " ind2=" ">
            <subfield code="a">I-SPLp</subfield>
         </datafield>
         <datafield tag="043" ind1=" " ind2=" ">
            <subfield code="c">XA-IT</subfield>
         </datafield>
         <datafield tag="110" ind1="2" ind2=" ">
            <subfield code="a">Archivio Pievenale</subfield>
            <subfield code="c">Spilimbergo</subfield>
            <subfield code="g">I-SPLp</subfield>
         </datafield>
         <datafield tag="622" ind1=" " ind2=" ">
            <subfield code="e">Archivio Pievenale, Cia Dante 3, I-33097 Spilimbergo (UD)., Regione Friuli Venezia Giulia</subfield>
         </datafield>
      </record>