
      <record>
         <leader>00000nz  a2200169   4500</leader>
         <controlfield tag="001">30070388</controlfield>
         <controlfield tag="003">RISM</controlfield>
         <controlfield tag="005">20160216</controlfield>
         <controlfield tag="008">160216n||az|||||||##########||||||||||||</controlfield>
         <datafield tag="040" ind1=" " ind2=" ">
            <subfield code="a">I-SPt</subfield>
         </datafield>
         <datafield tag="043" ind1=" " ind2=" ">
            <subfield code="c">XA-IT</subfield>
         </datafield>
         <datafield tag="110" ind1="2" ind2=" ">
            <subfield code="a">L'Archivio Biblioteca de Il Centro Studi Belli Argiris del Teatro Lirico Sperimentale di Spoleto Adriano Belli</subfield>
            <subfield code="c">Spoleto</subfield>
            <subfield code="g">I-SPt</subfield>
         </datafield>
         <datafield tag="622" ind1=" " ind2=" ">
            <subfield code="e">L'Archivio Biblioteca de Il Centro Studi,  Belli Argiris del Teatro Lirico,  Sperimentale di Spoleto Adriano Belli, Piazza della Libertà, 06049 Spoleto (PG), Italy</subfield>
            <subfield code="u">http://www.tls-belli.it/archiviobelliargirismotore.html</subfield>
         </datafield>
      </record>