
      <record>
         <leader>00000nz  a2200169   4500</leader>
         <controlfield tag="001">30005928</controlfield>
         <controlfield tag="003">RISM</controlfield>
         <controlfield tag="005">20160216</controlfield>
         <controlfield tag="008">160216n||az|||||||##########||||||||||||</controlfield>
         <datafield tag="040" ind1=" " ind2=" ">
            <subfield code="a">I-SQ</subfield>
         </datafield>
         <datafield tag="043" ind1=" " ind2=" ">
            <subfield code="c">XA-IT</subfield>
         </datafield>
         <datafield tag="110" ind1="2" ind2=" ">
            <subfield code="a">Archivio privato N.N. di Musica per Banda</subfield>
            <subfield code="c">Squinzano</subfield>
            <subfield code="g">I-SQ</subfield>
         </datafield>
         <datafield tag="622" ind1=" " ind2=" ">
            <subfield code="e">Archivio privato N.N. di Musica per, Banda, I-Squinzano (LE). Regione Puglia</subfield>
         </datafield>
      </record>