
      <record>
         <leader>00000nz  a2200169   4500</leader>
         <controlfield tag="001">30005911</controlfield>
         <controlfield tag="003">RISM</controlfield>
         <controlfield tag="005">20160216</controlfield>
         <controlfield tag="008">160216n||az|||||||##########||||||||||||</controlfield>
         <datafield tag="040" ind1=" " ind2=" ">
            <subfield code="a">I-SQL</subfield>
         </datafield>
         <datafield tag="043" ind1=" " ind2=" ">
            <subfield code="c">XA-IT</subfield>
         </datafield>
         <datafield tag="110" ind1="2" ind2=" ">
            <subfield code="a">Istituto su Cassiodoro e sul medioevo in Calabria</subfield>
            <subfield code="c">Squillace</subfield>
            <subfield code="g">I-SQL</subfield>
         </datafield>
         <datafield tag="622" ind1=" " ind2=" ">
            <subfield code="e">Istituto su Cassiodoro e sul medioevo, in Calabria, Via S. Apostoli 4, I-88069 Squillace, (CZ)</subfield>
         </datafield>
      </record>