
      <record>
         <leader>00000nz  a2200169   4500</leader>
         <controlfield tag="001">30004945</controlfield>
         <controlfield tag="003">RISM</controlfield>
         <controlfield tag="005">20160216</controlfield>
         <controlfield tag="008">160216n||az|||||||##########||||||||||||</controlfield>
         <datafield tag="040" ind1=" " ind2=" ">
            <subfield code="a">I-Sr</subfield>
         </datafield>
         <datafield tag="043" ind1=" " ind2=" ">
            <subfield code="c">XA-IT</subfield>
         </datafield>
         <datafield tag="110" ind1="2" ind2=" ">
            <subfield code="a">Accademia dei Rozzi, Biblioteca</subfield>
            <subfield code="c">Siena</subfield>
            <subfield code="g">I-Sr</subfield>
         </datafield>
         <datafield tag="622" ind1=" " ind2=" ">
            <subfield code="e">Accademia dei Rozzi, Biblioteca, via di Città, 36, 53100 Siena, Italy</subfield>
            <subfield code="u">http://www.accademiadeirozzi.it/</subfield>
         </datafield>
      </record>