
      <record>
         <leader>00000nz  a2200169   4500</leader>
         <controlfield tag="001">30080399</controlfield>
         <controlfield tag="003">RISM</controlfield>
         <controlfield tag="005">20160216</controlfield>
         <controlfield tag="008">160216n||az|||||||##########||||||||||||</controlfield>
         <datafield tag="040" ind1=" " ind2=" ">
            <subfield code="a">I-SRad</subfield>
         </datafield>
         <datafield tag="043" ind1=" " ind2=" ">
            <subfield code="c">XA-IT</subfield>
         </datafield>
         <datafield tag="110" ind1="2" ind2=" ">
            <subfield code="a">Biblioteca diocesana Card. Cesare Baronio e Archivio storico diocesano</subfield>
            <subfield code="c">Sora</subfield>
            <subfield code="g">I-SRad</subfield>
         </datafield>
         <datafield tag="622" ind1=" " ind2=" ">
            <subfield code="e">Biblioteca diocesana Card. Cesare,  Baronio e Archivio storico diocesano, Via 11 febbraio 1929, 3, 03039 Sora (FR), Italy</subfield>
            <subfield code="u">http://www.diocesisora.it/istituto/?page_id=5499</subfield>
         </datafield>
      </record>