
      <record>
         <leader>00000nz  a2200169   4500</leader>
         <controlfield tag="001">30005424</controlfield>
         <controlfield tag="003">RISM</controlfield>
         <controlfield tag="005">20160216</controlfield>
         <controlfield tag="008">160216n||az|||||||##########||||||||||||</controlfield>
         <datafield tag="040" ind1=" " ind2=" ">
            <subfield code="a">I-SROsv</subfield>
         </datafield>
         <datafield tag="043" ind1=" " ind2=" ">
            <subfield code="c">XA-IT</subfield>
         </datafield>
         <datafield tag="110" ind1="2" ind2=" ">
            <subfield code="a">Santuario della B. V. dei Miracoli, Biblioteca - Archivio</subfield>
            <subfield code="c">Saronno</subfield>
            <subfield code="g">I-SROsv</subfield>
         </datafield>
         <datafield tag="410" ind1="2" ind2=" ">
            <subfield code="a">Santuario della B. V. dei Miracoli, Archivio</subfield>
         </datafield>
         <datafield tag="622" ind1=" " ind2=" ">
            <subfield code="e">Santuario della B. V. dei Miracoli,, Biblioteca - Archivio, Piazza Santuario B. V. dei Miracoli, I, -21047 Saronno (VA). Regione Lombardia</subfield>
         </datafield>
      </record>