
      <record>
         <leader>00000nz  a2200169   4500</leader>
         <controlfield tag="001">30004969</controlfield>
         <controlfield tag="003">RISM</controlfield>
         <controlfield tag="005">20160216</controlfield>
         <controlfield tag="008">160216n||az|||||||##########||||||||||||</controlfield>
         <datafield tag="040" ind1=" " ind2=" ">
            <subfield code="a">I-SSBc</subfield>
         </datafield>
         <datafield tag="043" ind1=" " ind2=" ">
            <subfield code="c">XA-IT</subfield>
         </datafield>
         <datafield tag="110" ind1="2" ind2=" ">
            <subfield code="a">Biblioteca Conventuale della Certosa</subfield>
            <subfield code="c">Serra San Bruno</subfield>
            <subfield code="g">I-SSBc</subfield>
         </datafield>
         <datafield tag="410" ind1="2" ind2=" ">
            <subfield code="a">Biblioteca della Certosa</subfield>
         </datafield>
         <datafield tag="622" ind1=" " ind2=" ">
            <subfield code="e">Biblioteca Conventuale della Certosa, I-88029 Serra San Bruno (CZ). Regione, Calabria</subfield>
         </datafield>
      </record>