
      <record>
         <leader>00000nz  a2200169   4500</leader>
         <controlfield tag="001">30005438</controlfield>
         <controlfield tag="003">RISM</controlfield>
         <controlfield tag="005">20160216</controlfield>
         <controlfield tag="008">160216n||az|||||||##########||||||||||||</controlfield>
         <datafield tag="040" ind1=" " ind2=" ">
            <subfield code="a">I-Sscs</subfield>
         </datafield>
         <datafield tag="043" ind1=" " ind2=" ">
            <subfield code="c">XA-IT</subfield>
         </datafield>
         <datafield tag="110" ind1="2" ind2=" ">
            <subfield code="a">Convento di S. Clemente dei Servi, Biblioteca</subfield>
            <subfield code="c">Siena</subfield>
            <subfield code="g">I-Sscs</subfield>
         </datafield>
         <datafield tag="410" ind1="2" ind2=" ">
            <subfield code="a">Chiesa del Convento di S. Maria dei Servi, Archivio</subfield>
         </datafield>
         <datafield tag="622" ind1=" " ind2=" ">
            <subfield code="e">Convento di S. Clemente dei Servi,, Biblioteca, Piazza A. Manzoni 5, I-53100 Siena., Regione Toscana</subfield>
         </datafield>
      </record>