
      <record>
         <leader>00000nz  a2200169   4500</leader>
         <controlfield tag="001">30005417</controlfield>
         <controlfield tag="003">RISM</controlfield>
         <controlfield tag="005">20160216</controlfield>
         <controlfield tag="008">160216n||az|||||||##########||||||||||||</controlfield>
         <datafield tag="040" ind1=" " ind2=" ">
            <subfield code="a">I-SSFsm</subfield>
         </datafield>
         <datafield tag="043" ind1=" " ind2=" ">
            <subfield code="c">XA-IT</subfield>
         </datafield>
         <datafield tag="110" ind1="2" ind2=" ">
            <subfield code="a">Biblioteca Musicale Simone Molinaro</subfield>
            <subfield code="c">San Salvatore dei Fieschi</subfield>
            <subfield code="g">I-SSFsm</subfield>
         </datafield>
         <datafield tag="622" ind1=" " ind2=" ">
            <subfield code="e">Biblioteca Musicale Simone Molinaro, Via Divisione Coduri 44, I-16040 San, Salvatore dei Fieschi (GE). Regione, Liguria</subfield>
         </datafield>
      </record>