
      <record>
         <leader>00000nz  a2200169   4500</leader>
         <controlfield tag="001">30005427</controlfield>
         <controlfield tag="003">RISM</controlfield>
         <controlfield tag="005">20160216</controlfield>
         <controlfield tag="008">160216n||az|||||||##########||||||||||||</controlfield>
         <datafield tag="040" ind1=" " ind2=" ">
            <subfield code="a">I-SSOcp</subfield>
         </datafield>
         <datafield tag="043" ind1=" " ind2=" ">
            <subfield code="c">XA-IT</subfield>
         </datafield>
         <datafield tag="110" ind1="2" ind2=" ">
            <subfield code="a">Biblioteca La Pace dei Frati Minori</subfield>
            <subfield code="c">Sassoferrato</subfield>
            <subfield code="g">I-SSOcp</subfield>
         </datafield>
         <datafield tag="410" ind1="2" ind2=" ">
            <subfield code="a">Convento La Pace, Biblioteca</subfield>
         </datafield>
         <datafield tag="622" ind1=" " ind2=" ">
            <subfield code="e">Biblioteca La Pace dei Frati Minori, Via La Pace, I-60041 Sassoferrato (AN)., Regione Marche</subfield>
         </datafield>
      </record>