
      <record>
         <leader>00000nz  a2200169   4500</leader>
         <controlfield tag="001">30004972</controlfield>
         <controlfield tag="003">RISM</controlfield>
         <controlfield tag="005">20160216</controlfield>
         <controlfield tag="008">160216n||az|||||||##########||||||||||||</controlfield>
         <datafield tag="040" ind1=" " ind2=" ">
            <subfield code="a">I-SSVcap</subfield>
         </datafield>
         <datafield tag="043" ind1=" " ind2=" ">
            <subfield code="c">XA-IT</subfield>
         </datafield>
         <datafield tag="110" ind1="2" ind2=" ">
            <subfield code="a">Cattedrale di S. Maria, Archivio Capitolare</subfield>
            <subfield code="c">San Severo</subfield>
            <subfield code="g">I-SSVcap</subfield>
         </datafield>
         <datafield tag="410" ind1="2" ind2=" ">
            <subfield code="a">Archivio Capitolare della Cattedrale (S. Maria Assunta)</subfield>
         </datafield>
         <datafield tag="622" ind1=" " ind2=" ">
            <subfield code="e">Cattedrale di S. Maria, Archivio, Capitolare, Piazza Cattedrale, I-71016 San Severo, (FG). Regione Puglia</subfield>
         </datafield>
      </record>