
      <record>
         <leader>00000nz  a2200169   4500</leader>
         <controlfield tag="001">30001943</controlfield>
         <controlfield tag="003">RISM</controlfield>
         <controlfield tag="005">20160216</controlfield>
         <controlfield tag="008">160216n||az|||||||##########||||||||||||</controlfield>
         <datafield tag="040" ind1=" " ind2=" ">
            <subfield code="a">I-ST</subfield>
         </datafield>
         <datafield tag="043" ind1=" " ind2=" ">
            <subfield code="c">XA-IT</subfield>
         </datafield>
         <datafield tag="110" ind1="2" ind2=" ">
            <subfield code="a">Biblioteca Rosminiana</subfield>
            <subfield code="c">Stresa</subfield>
            <subfield code="g">I-ST</subfield>
         </datafield>
         <datafield tag="410" ind1="2" ind2=" ">
            <subfield code="a">Biblioteca del Centro Internazionale di studi rosminiani</subfield>
         </datafield>
         <datafield tag="622" ind1=" " ind2=" ">
            <subfield code="e">Biblioteca Rosminiana, Collegio Rosmini al Monte, Via Umberto I, 15, 28838 Stresa (VB), Italy</subfield>
            <subfield code="u">http://www.rosmini.it/Objects/Home1.asp</subfield>
         </datafield>
      </record>