
      <record>
         <leader>00000nz  a2200169   4500</leader>
         <controlfield tag="001">30005421</controlfield>
         <controlfield tag="003">RISM</controlfield>
         <controlfield tag="005">20160216</controlfield>
         <controlfield tag="008">160216n||az|||||||##########||||||||||||</controlfield>
         <datafield tag="040" ind1=" " ind2=" ">
            <subfield code="a">I-STAc</subfield>
         </datafield>
         <datafield tag="043" ind1=" " ind2=" ">
            <subfield code="c">XA-IT</subfield>
         </datafield>
         <datafield tag="110" ind1="2" ind2=" ">
            <subfield code="a">Biblioteca Comunale</subfield>
            <subfield code="c">Sant'Arcangelo di Romagna</subfield>
            <subfield code="g">I-STAc</subfield>
         </datafield>
         <datafield tag="622" ind1=" " ind2=" ">
            <subfield code="e">Biblioteca Comunale, Via Cavallotti 3, I-47038, Sant'Arcangelo di Romagna (FO). Regione, Emilia Romagna</subfield>
         </datafield>
      </record>