
      <record>
         <leader>00000nz  a2200169   4500</leader>
         <controlfield tag="001">30005445</controlfield>
         <controlfield tag="003">RISM</controlfield>
         <controlfield tag="005">20160216</controlfield>
         <controlfield tag="008">160216n||az|||||||##########||||||||||||</controlfield>
         <datafield tag="040" ind1=" " ind2=" ">
            <subfield code="a">I-STCam</subfield>
         </datafield>
         <datafield tag="043" ind1=" " ind2=" ">
            <subfield code="c">XA-IT</subfield>
         </datafield>
         <datafield tag="110" ind1="2" ind2=" ">
            <subfield code="a">Archivio Storico Notarile Comunale</subfield>
            <subfield code="c">Stroncone</subfield>
            <subfield code="g">I-STCam</subfield>
         </datafield>
         <datafield tag="410" ind1="2" ind2=" ">
            <subfield code="a">Archivio del Municipio</subfield>
         </datafield>
         <datafield tag="622" ind1=" " ind2=" ">
            <subfield code="e">Archivio Storico Notarile Comunale, Via dell'Arringo, I-05039 Stroncone, (TR). Regione Umbria</subfield>
         </datafield>
      </record>