
      <record>
         <leader>00000nz  a2200169   4500</leader>
         <controlfield tag="001">30005595</controlfield>
         <controlfield tag="003">RISM</controlfield>
         <controlfield tag="005">20160216</controlfield>
         <controlfield tag="008">160216n||az|||||||##########||||||||||||</controlfield>
         <datafield tag="040" ind1=" " ind2=" ">
            <subfield code="a">I-SULad</subfield>
         </datafield>
         <datafield tag="043" ind1=" " ind2=" ">
            <subfield code="c">XA-IT</subfield>
         </datafield>
         <datafield tag="110" ind1="2" ind2=" ">
            <subfield code="a">Biblioteca Diocesana</subfield>
            <subfield code="c">Sulmona</subfield>
            <subfield code="g">I-SULad</subfield>
         </datafield>
         <datafield tag="410" ind1="2" ind2=" ">
            <subfield code="a">Archivio Diocesano</subfield>
         </datafield>
         <datafield tag="622" ind1=" " ind2=" ">
            <subfield code="e">Biblioteca Diocesana, Viale Roosevelt 7, I-67039 Sulmona., Regione Abruzzo</subfield>
         </datafield>
      </record>