
      <record>
         <leader>00000nz  a2200169   4500</leader>
         <controlfield tag="001">30003850</controlfield>
         <controlfield tag="003">RISM</controlfield>
         <controlfield tag="005">20160216</controlfield>
         <controlfield tag="008">160216n||az|||||||##########||||||||||||</controlfield>
         <datafield tag="040" ind1=" " ind2=" ">
            <subfield code="a">I-SULc</subfield>
         </datafield>
         <datafield tag="043" ind1=" " ind2=" ">
            <subfield code="c">XA-IT</subfield>
         </datafield>
         <datafield tag="110" ind1="2" ind2=" ">
            <subfield code="a">Biblioteca Comunale Publio Ovidio Nasone</subfield>
            <subfield code="c">Sulmona</subfield>
            <subfield code="g">I-SULc</subfield>
         </datafield>
         <datafield tag="410" ind1="2" ind2=" ">
            <subfield code="a">Biblioteca Comunale P. Ovidio Nasone</subfield>
         </datafield>
         <datafield tag="622" ind1=" " ind2=" ">
            <subfield code="e">Biblioteca Comunale Publio Ovidio Nasone, Piazza Salvatore Tommasi, I-67039, Sulmona (AQ). Regione Abruzzo</subfield>
         </datafield>
      </record>