
      <record>
         <leader>00000nz  a2200169   4500</leader>
         <controlfield tag="001">30003525</controlfield>
         <controlfield tag="003">RISM</controlfield>
         <controlfield tag="005">20160216</controlfield>
         <controlfield tag="008">160216n||az|||||||##########||||||||||||</controlfield>
         <datafield tag="040" ind1=" " ind2=" ">
            <subfield code="a">I-SUsb</subfield>
         </datafield>
         <datafield tag="043" ind1=" " ind2=" ">
            <subfield code="c">XA-IT</subfield>
         </datafield>
         <datafield tag="110" ind1="2" ind2=" ">
            <subfield code="a">Biblioteca San Benedetto, Monastero del Sacro Speco</subfield>
            <subfield code="c">Subiaco</subfield>
            <subfield code="g">I-SUsb</subfield>
         </datafield>
         <datafield tag="410" ind1="2" ind2=" ">
            <subfield code="a">Biblioteca San Benedetto, Monastero Sacro Speco</subfield>
         </datafield>
         <datafield tag="410" ind1="2" ind2=" ">
            <subfield code="a">Biblioteca S Benedetto</subfield>
         </datafield>
         <datafield tag="622" ind1=" " ind2=" ">
            <subfield code="e">Biblioteca San Benedetto, Monastero del, Sacro Speco, I-00028 Subiaco (RM)</subfield>
         </datafield>
      </record>