
      <record>
         <leader>00000nz  a2200169   4500</leader>
         <controlfield tag="001">30003526</controlfield>
         <controlfield tag="003">RISM</controlfield>
         <controlfield tag="005">20160216</controlfield>
         <controlfield tag="008">160216n||az|||||||##########||||||||||||</controlfield>
         <datafield tag="040" ind1=" " ind2=" ">
            <subfield code="a">I-SUss</subfield>
         </datafield>
         <datafield tag="043" ind1=" " ind2=" ">
            <subfield code="c">XA-IT</subfield>
         </datafield>
         <datafield tag="110" ind1="2" ind2=" ">
            <subfield code="a">Biblioteca Statale Santa Scolastica</subfield>
            <subfield code="c">Subiaco</subfield>
            <subfield code="g">I-SUss</subfield>
         </datafield>
         <datafield tag="622" ind1=" " ind2=" ">
            <subfield code="e">Biblioteca Statale Santa Scolastica, Via dei Monasteri, 22, 00028 Subiaco (RM), Italy</subfield>
            <subfield code="u">http://www.scolastica.librari.beniculturali.it/</subfield>
         </datafield>
      </record>