
      <record>
         <leader>00000nz  a2200169   4500</leader>
         <controlfield tag="001">30070404</controlfield>
         <controlfield tag="003">RISM</controlfield>
         <controlfield tag="005">20160216</controlfield>
         <controlfield tag="008">160216n||az|||||||##########||||||||||||</controlfield>
         <datafield tag="040" ind1=" " ind2=" ">
            <subfield code="a">I-SUT</subfield>
         </datafield>
         <datafield tag="043" ind1=" " ind2=" ">
            <subfield code="c">XA-IT</subfield>
         </datafield>
         <datafield tag="110" ind1="2" ind2=" ">
            <subfield code="a">Biblioteca comunale e Archivio storico comunale</subfield>
            <subfield code="c">Sutri</subfield>
            <subfield code="g">I-SUT</subfield>
         </datafield>
         <datafield tag="622" ind1=" " ind2=" ">
            <subfield code="e">Biblioteca comunale e Archivio storico,  comunale, Piazza San Rocco, 4, 01015 Sutri (VT), Italy</subfield>
         </datafield>
      </record>