
      <record>
         <leader>00000nz  a2200169   4500</leader>
         <controlfield tag="001">30004973</controlfield>
         <controlfield tag="003">RISM</controlfield>
         <controlfield tag="005">20160216</controlfield>
         <controlfield tag="008">160216n||az|||||||##########||||||||||||</controlfield>
         <datafield tag="040" ind1=" " ind2=" ">
            <subfield code="a">I-SVNbc</subfield>
         </datafield>
         <datafield tag="043" ind1=" " ind2=" ">
            <subfield code="c">XA-IT</subfield>
         </datafield>
         <datafield tag="110" ind1="2" ind2=" ">
            <subfield code="a">Biblioteca Comunale Giovanni XXIII</subfield>
            <subfield code="c">San Vito dei Normanni</subfield>
            <subfield code="g">I-SVNbc</subfield>
         </datafield>
         <datafield tag="622" ind1=" " ind2=" ">
            <subfield code="e">Biblioteca Comunale Giovanni XXIII, Via Vittorio Emanuele, I-72019 San Vito, dei Normanni (BR). Regione Puglia</subfield>
         </datafield>
      </record>