
      <record>
         <leader>00000nz  a2200169   4500</leader>
         <controlfield tag="001">30070413</controlfield>
         <controlfield tag="003">RISM</controlfield>
         <controlfield tag="005">20160216</controlfield>
         <controlfield tag="008">160216n||az|||||||##########||||||||||||</controlfield>
         <datafield tag="040" ind1=" " ind2=" ">
            <subfield code="a">I-SVTm</subfield>
         </datafield>
         <datafield tag="043" ind1=" " ind2=" ">
            <subfield code="c">XA-IT</subfield>
         </datafield>
         <datafield tag="110" ind1="2" ind2=" ">
            <subfield code="a">Biblioteca Comunale &lt;San Vito al Tagliamento&gt;</subfield>
            <subfield code="c">San Vito al Tagliamento</subfield>
            <subfield code="g">I-SVTm</subfield>
         </datafield>
      </record>