
      <record>
         <leader>00000nz  a2200169   4500</leader>
         <controlfield tag="001">30005601</controlfield>
         <controlfield tag="003">RISM</controlfield>
         <controlfield tag="005">20160216</controlfield>
         <controlfield tag="008">160216n||az|||||||##########||||||||||||</controlfield>
         <datafield tag="040" ind1=" " ind2=" ">
            <subfield code="a">I-Tac</subfield>
         </datafield>
         <datafield tag="043" ind1=" " ind2=" ">
            <subfield code="c">XA-IT</subfield>
         </datafield>
         <datafield tag="110" ind1="2" ind2=" ">
            <subfield code="a">Archivio storico della Città di Torino &lt;Torino&gt;</subfield>
            <subfield code="c">Torino</subfield>
            <subfield code="g">I-Tac</subfield>
         </datafield>
         <datafield tag="410" ind1="2" ind2=" ">
            <subfield code="a">Archivio Storico Civico</subfield>
         </datafield>
         <datafield tag="622" ind1=" " ind2=" ">
            <subfield code="e">Archivio Storico Civico, Via Cittadella 5, (Palazzo Civico,, Piazza Palazzo di Città ?), I-00122, Torino. Regione Piemonte</subfield>
            <subfield code="u">http://www.comune.torino.it/archiviostorico/</subfield>
         </datafield>
      </record>