
      <record>
         <leader>00000nz  a2200169   4500</leader>
         <controlfield tag="001">30004987</controlfield>
         <controlfield tag="003">RISM</controlfield>
         <controlfield tag="005">20160216</controlfield>
         <controlfield tag="008">160216n||az|||||||##########||||||||||||</controlfield>
         <datafield tag="040" ind1=" " ind2=" ">
            <subfield code="a">I-TAGsd</subfield>
         </datafield>
         <datafield tag="043" ind1=" " ind2=" ">
            <subfield code="c">XA-IT</subfield>
         </datafield>
         <datafield tag="110" ind1="2" ind2=" ">
            <subfield code="a">Biblioteca Padri Domenicani</subfield>
            <subfield code="c">Taggia</subfield>
            <subfield code="g">I-TAGsd</subfield>
         </datafield>
         <datafield tag="410" ind1="2" ind2=" ">
            <subfield code="a">Convento di S. Domenico, Biblioteca</subfield>
         </datafield>
         <datafield tag="622" ind1=" " ind2=" ">
            <subfield code="e">Biblioteca Padri Domenicani, Piazza Beato Cristoforo 6, I-18018, Taggia (IM). Regione Liguria</subfield>
         </datafield>
      </record>