
      <record>
         <leader>00000nz  a2200169   4500</leader>
         <controlfield tag="001">30078033</controlfield>
         <controlfield tag="003">RISM</controlfield>
         <controlfield tag="005">20160216</controlfield>
         <controlfield tag="008">160216n||az|||||||##########||||||||||||</controlfield>
         <datafield tag="040" ind1=" " ind2=" ">
            <subfield code="a">I-Tam</subfield>
         </datafield>
         <datafield tag="043" ind1=" " ind2=" ">
            <subfield code="c">IT</subfield>
         </datafield>
         <datafield tag="110" ind1="2" ind2=" ">
            <subfield code="a">Orchestra Sinfonica Nazionale della RAI, Archivio Musica</subfield>
            <subfield code="c">Torino</subfield>
            <subfield code="g">I-Tam</subfield>
         </datafield>
      </record>