
      <record>
         <leader>00000nz  a2200169   4500</leader>
         <controlfield tag="001">30001946</controlfield>
         <controlfield tag="003">RISM</controlfield>
         <controlfield tag="005">20160216</controlfield>
         <controlfield tag="008">160216n||az|||||||##########||||||||||||</controlfield>
         <datafield tag="040" ind1=" " ind2=" ">
            <subfield code="a">I-Tb</subfield>
         </datafield>
         <datafield tag="043" ind1=" " ind2=" ">
            <subfield code="c">XA-IT</subfield>
         </datafield>
         <datafield tag="110" ind1="2" ind2=" ">
            <subfield code="a">Biblioteca civica (con Archivio del Convento di S. Francesco)</subfield>
            <subfield code="c">Bene Vagienna</subfield>
            <subfield code="g">I-Tb</subfield>
         </datafield>
      </record>