
      <record>
         <leader>00000nz  a2200169   4500</leader>
         <controlfield tag="001">30078212</controlfield>
         <controlfield tag="003">RISM</controlfield>
         <controlfield tag="005">20160216</controlfield>
         <controlfield tag="008">160216n||az|||||||##########||||||||||||</controlfield>
         <datafield tag="040" ind1=" " ind2=" ">
            <subfield code="a">I-Tbcc</subfield>
         </datafield>
         <datafield tag="043" ind1=" " ind2=" ">
            <subfield code="c">IT</subfield>
         </datafield>
         <datafield tag="110" ind1="2" ind2=" ">
            <subfield code="a">Biblioteca civica centrale</subfield>
            <subfield code="c">Torino</subfield>
            <subfield code="g">I-Tbcc</subfield>
         </datafield>
         <datafield tag="622" ind1=" " ind2=" ">
            <subfield code="e">Biblioteca civica centrale, via della Cittadella, 5, 10122 Torino, Italy</subfield>
            <subfield code="u">http://www.comune.torino.it/cultura/biblioteche/sedi_orari/civica_centrale.shtml</subfield>
         </datafield>
      </record>