
      <record>
         <leader>00000nz  a2200169   4500</leader>
         <controlfield tag="001">30000250</controlfield>
         <controlfield tag="003">RISM</controlfield>
         <controlfield tag="005">20160216</controlfield>
         <controlfield tag="008">160216n||az|||||||##########||||||||||||</controlfield>
         <datafield tag="040" ind1=" " ind2=" ">
            <subfield code="a">I-Tci</subfield>
         </datafield>
         <datafield tag="043" ind1=" " ind2=" ">
            <subfield code="c">XA-IT</subfield>
         </datafield>
         <datafield tag="110" ind1="2" ind2=" ">
            <subfield code="a">Biblioteca civica musicale Andrea della Corte</subfield>
            <subfield code="c">Torino</subfield>
            <subfield code="g">I-Tci</subfield>
         </datafield>
         <datafield tag="622" ind1=" " ind2=" ">
            <subfield code="e">Biblioteca civica musicale Andrea della,  Corte, Corso Francia, 186, 10145 Torino (TO), Italy</subfield>
            <subfield code="u">http://www.comune.torino.it/cultura/biblioteche/sedi_orari/musicale.shtml</subfield>
         </datafield>
      </record>