
      <record>
         <leader>00000nz  a2200169   4500</leader>
         <controlfield tag="001">30004976</controlfield>
         <controlfield tag="003">RISM</controlfield>
         <controlfield tag="005">20160216</controlfield>
         <controlfield tag="008">160216n||az|||||||##########||||||||||||</controlfield>
         <datafield tag="040" ind1=" " ind2=" ">
            <subfield code="a">I-Tcm</subfield>
         </datafield>
         <datafield tag="043" ind1=" " ind2=" ">
            <subfield code="c">XA-IT</subfield>
         </datafield>
         <datafield tag="110" ind1="2" ind2=" ">
            <subfield code="a">Archivio arcivescovile</subfield>
            <subfield code="c">Torino</subfield>
            <subfield code="g">I-Tcm</subfield>
         </datafield>
         <datafield tag="410" ind1="2" ind2=" ">
            <subfield code="a">Archivio della Curia Metropolitana</subfield>
         </datafield>
         <datafield tag="622" ind1=" " ind2=" ">
            <subfield code="e">Archivio arcivescovile, Via Arcivescovado, 12, 10121 Torino (TO), Italy</subfield>
            <subfield code="u">http://goo.gl/1H7Eq2</subfield>
         </datafield>
      </record>