
      <record>
         <leader>00000nz  a2200169   4500</leader>
         <controlfield tag="001">30001947</controlfield>
         <controlfield tag="003">RISM</controlfield>
         <controlfield tag="005">20160216</controlfield>
         <controlfield tag="008">160216n||az|||||||##########||||||||||||</controlfield>
         <datafield tag="040" ind1=" " ind2=" ">
            <subfield code="a">I-Tco</subfield>
         </datafield>
         <datafield tag="043" ind1=" " ind2=" ">
            <subfield code="c">XA-IT</subfield>
         </datafield>
         <datafield tag="110" ind1="2" ind2=" ">
            <subfield code="a">Biblioteca del Conservatorio di Musica Giuseppe Verdi</subfield>
            <subfield code="c">Torino</subfield>
            <subfield code="g">I-Tco</subfield>
         </datafield>
         <datafield tag="622" ind1=" " ind2=" ">
            <subfield code="e">Biblioteca del Conservatorio di Musica,  Giuseppe Verdi, Via San Francesco da Paola, 27, 10125 Torino (TO), Italy</subfield>
            <subfield code="u">http://www.conservatoriotorino.eu/cst.asp?id=70&amp;idparent=1</subfield>
         </datafield>
      </record>