
      <record>
         <leader>00000nz  a2200169   4500</leader>
         <controlfield tag="001">30004991</controlfield>
         <controlfield tag="003">RISM</controlfield>
         <controlfield tag="005">20160216</controlfield>
         <controlfield tag="008">160216n||az|||||||##########||||||||||||</controlfield>
         <datafield tag="040" ind1=" " ind2=" ">
            <subfield code="a">I-TDSsa</subfield>
         </datafield>
         <datafield tag="043" ind1=" " ind2=" ">
            <subfield code="c">XA-IT</subfield>
         </datafield>
         <datafield tag="110" ind1="2" ind2=" ">
            <subfield code="a">Convento di S. Antonio, Biblioteca</subfield>
            <subfield code="c">Terranova da Sibari</subfield>
            <subfield code="g">I-TDSsa</subfield>
         </datafield>
         <datafield tag="622" ind1=" " ind2=" ">
            <subfield code="e">Convento di S. Antonio, Biblioteca, Via S. Antonio, I-87010 Terranova da, Sibari (CS). Regione Calabria</subfield>
         </datafield>
      </record>