
      <record>
         <leader>00000nz  a2200169   4500</leader>
         <controlfield tag="001">30001952</controlfield>
         <controlfield tag="003">RISM</controlfield>
         <controlfield tag="005">20160216</controlfield>
         <controlfield tag="008">160216n||az|||||||##########||||||||||||</controlfield>
         <datafield tag="040" ind1=" " ind2=" ">
            <subfield code="a">I-TE</subfield>
         </datafield>
         <datafield tag="043" ind1=" " ind2=" ">
            <subfield code="c">XA-IT</subfield>
         </datafield>
         <datafield tag="110" ind1="2" ind2=" ">
            <subfield code="a">Biblioteca dell'Istituto Superiore di Studi musicali G. Briccialdi</subfield>
            <subfield code="c">Terni</subfield>
            <subfield code="g">I-TE</subfield>
         </datafield>
         <datafield tag="622" ind1=" " ind2=" ">
            <subfield code="e">Biblioteca dell'Istituto Superiore di,  Studi musicali G. Briccialdi, Via del Tribunale, 22, 05100 Terni (TR), Italy</subfield>
            <subfield code="u">http://www.briccialditerni.it/</subfield>
         </datafield>
      </record>