
      <record>
         <leader>00000nz  a2200169   4500</leader>
         <controlfield tag="001">30006488</controlfield>
         <controlfield tag="003">RISM</controlfield>
         <controlfield tag="005">20160216</controlfield>
         <controlfield tag="008">160216n||az|||||||##########||||||||||||</controlfield>
         <datafield tag="040" ind1=" " ind2=" ">
            <subfield code="a">I-TEODm</subfield>
         </datafield>
         <datafield tag="043" ind1=" " ind2=" ">
            <subfield code="c">XA-IT</subfield>
         </datafield>
         <datafield tag="110" ind1="2" ind2=" ">
            <subfield code="a">Museo provinciale degli usi e costumi</subfield>
            <subfield code="c">Teodone/Brunico (BZ)</subfield>
            <subfield code="g">I-TEODm</subfield>
         </datafield>
         <datafield tag="410" ind1="2" ind2=" ">
            <subfield code="a">Südtiroler Landesmuseum für Volkskunde</subfield>
         </datafield>
         <datafield tag="410" ind1="2" ind2=" ">
            <subfield code="a">Museo etnografico, Biblioteca</subfield>
         </datafield>
         <datafield tag="622" ind1=" " ind2=" ">
            <subfield code="e">Museo provinciale degli usi e costumi, Via Duca Diet, 24, 39031 Teodone/Brunico (BZ), Italy</subfield>
            <subfield code="u">http://www.museo-etnografico.it/it/default.asp</subfield>
         </datafield>
      </record>