
      <record>
         <leader>00000nz  a2200169   4500</leader>
         <controlfield tag="001">30005642</controlfield>
         <controlfield tag="003">RISM</controlfield>
         <controlfield tag="005">20160216</controlfield>
         <controlfield tag="008">160216n||az|||||||##########||||||||||||</controlfield>
         <datafield tag="040" ind1=" " ind2=" ">
            <subfield code="a">I-TEOmn</subfield>
         </datafield>
         <datafield tag="043" ind1=" " ind2=" ">
            <subfield code="c">XA-IT</subfield>
         </datafield>
         <datafield tag="110" ind1="2" ind2=" ">
            <subfield code="a">Abbazia di Praglia (Monumento Nazionale), Biblioteca</subfield>
            <subfield code="c">Teolo</subfield>
            <subfield code="g">I-TEOmn</subfield>
         </datafield>
         <datafield tag="410" ind1="2" ind2=" ">
            <subfield code="a">Monumento Nazionale di Praglia, Biblioteca</subfield>
         </datafield>
         <datafield tag="622" ind1=" " ind2=" ">
            <subfield code="e">Abbazia di Praglia (Monumento, Nazionale), Biblioteca, Via Abbazia di Praglia 16, 35037 Teolo, (PD). Regione Veneto</subfield>
         </datafield>
      </record>