
      <record>
         <leader>00000nz  a2200169   4500</leader>
         <controlfield tag="001">30000210</controlfield>
         <controlfield tag="003">RISM</controlfield>
         <controlfield tag="005">20160216</controlfield>
         <controlfield tag="008">160216n||az|||||||##########||||||||||||</controlfield>
         <datafield tag="040" ind1=" " ind2=" ">
            <subfield code="a">I-Tf</subfield>
         </datafield>
         <datafield tag="043" ind1=" " ind2=" ">
            <subfield code="c">XA-IT</subfield>
         </datafield>
         <datafield tag="110" ind1="2" ind2=" ">
            <subfield code="a">Archivio dell'Accademia filarmonica</subfield>
            <subfield code="c">Torino</subfield>
            <subfield code="g">I-Tf</subfield>
         </datafield>
         <datafield tag="410" ind1="2" ind2=" ">
            <subfield code="a">Circolo Società del Whist</subfield>
         </datafield>
         <datafield tag="622" ind1=" " ind2=" ">
            <subfield code="e">Archivio dell'Accademia filarmonica, Piazza San Carlo, 183, 10123 Torino (TO), Italy</subfield>
            <subfield code="u">http://www.whist-filarmonica.it/</subfield>
         </datafield>
      </record>