
      <record>
         <leader>00000nz  a2200169   4500</leader>
         <controlfield tag="001">30005500</controlfield>
         <controlfield tag="003">RISM</controlfield>
         <controlfield tag="005">20160216</controlfield>
         <controlfield tag="008">160216n||az|||||||##########||||||||||||</controlfield>
         <datafield tag="040" ind1=" " ind2=" ">
            <subfield code="a">I-Tft</subfield>
         </datafield>
         <datafield tag="043" ind1=" " ind2=" ">
            <subfield code="c">XA-IT</subfield>
         </datafield>
         <datafield tag="110" ind1="2" ind2=" ">
            <subfield code="a">Università Pontificia Salesiana, Facoltà di Teologia, Biblioteca</subfield>
            <subfield code="c">Torino</subfield>
            <subfield code="g">I-Tft</subfield>
         </datafield>
         <datafield tag="622" ind1=" " ind2=" ">
            <subfield code="e">Università Pontificia Salesiana,, Facoltà di Teologia, Biblioteca, Via Caboto 27, I-10129 Torino. Regione, Piemonte</subfield>
         </datafield>
      </record>