
      <record>
         <leader>00000nz  a2200169   4500</leader>
         <controlfield tag="001">30077407</controlfield>
         <controlfield tag="003">RISM</controlfield>
         <controlfield tag="005">20160216</controlfield>
         <controlfield tag="008">160216n||az|||||||##########||||||||||||</controlfield>
         <datafield tag="040" ind1=" " ind2=" ">
            <subfield code="a">I-TGbc</subfield>
         </datafield>
         <datafield tag="043" ind1=" " ind2=" ">
            <subfield code="c">IT</subfield>
         </datafield>
         <datafield tag="110" ind1="2" ind2=" ">
            <subfield code="a">Biblioteca Comunale E. Aprea</subfield>
            <subfield code="c">Torre del Greco</subfield>
            <subfield code="g">I-TGbc</subfield>
         </datafield>
         <datafield tag="622" ind1=" " ind2=" ">
            <subfield code="e">Biblioteca Comunale E. Aprea, via Nazionale, 601, 80059 Torre del Greco, Italy</subfield>
            <subfield code="u">http://www.comune.torredelgreco.na.it/il-comune/biblioteca</subfield>
         </datafield>
      </record>