
      <record>
         <leader>00000nz  a2200169   4500</leader>
         <controlfield tag="001">30003527</controlfield>
         <controlfield tag="003">RISM</controlfield>
         <controlfield tag="005">20160216</controlfield>
         <controlfield tag="008">160216n||az|||||||##########||||||||||||</controlfield>
         <datafield tag="040" ind1=" " ind2=" ">
            <subfield code="a">I-Ti</subfield>
         </datafield>
         <datafield tag="043" ind1=" " ind2=" ">
            <subfield code="c">XA-IT</subfield>
         </datafield>
         <datafield tag="110" ind1="2" ind2=" ">
            <subfield code="a">Istituto Salesiano Valsalice, Biblioteca</subfield>
            <subfield code="c">Torino</subfield>
            <subfield code="g">I-Ti</subfield>
         </datafield>
         <datafield tag="622" ind1=" " ind2=" ">
            <subfield code="e">Istituto Salesiano Valsalice, Biblioteca, Viale Enrico Thovez 37, I-10131 Torino., Regione Piemonte</subfield>
         </datafield>
      </record>