
      <record>
         <leader>00000nz  a2200169   4500</leader>
         <controlfield tag="001">30005452</controlfield>
         <controlfield tag="003">RISM</controlfield>
         <controlfield tag="005">20160216</controlfield>
         <controlfield tag="008">160216n||az|||||||##########||||||||||||</controlfield>
         <datafield tag="040" ind1=" " ind2=" ">
            <subfield code="a">I-TIVss</subfield>
         </datafield>
         <datafield tag="043" ind1=" " ind2=" ">
            <subfield code="c">XA-IT</subfield>
         </datafield>
         <datafield tag="110" ind1="2" ind2=" ">
            <subfield code="a">San Silvestro, Archivio (Archivio del Coro Polifonico)</subfield>
            <subfield code="c">Tivoli</subfield>
            <subfield code="g">I-TIVss</subfield>
         </datafield>
         <datafield tag="622" ind1=" " ind2=" ">
            <subfield code="e">San Silvestro, Archivio (Archivio del, Coro Polifonico), Via Adriana 17, (Piazza San Silvestro, ?), I-00019 Tivoli (RM). Regione Lazio</subfield>
         </datafield>
      </record>