
      <record>
         <leader>00000nz  a2200169   4500</leader>
         <controlfield tag="001">30080400</controlfield>
         <controlfield tag="003">RISM</controlfield>
         <controlfield tag="005">20160216</controlfield>
         <controlfield tag="008">160216n||az|||||||##########||||||||||||</controlfield>
         <datafield tag="040" ind1=" " ind2=" ">
            <subfield code="a">I-TIVvergelli</subfield>
         </datafield>
         <datafield tag="043" ind1=" " ind2=" ">
            <subfield code="c">XA-IT</subfield>
         </datafield>
         <datafield tag="110" ind1="2" ind2=" ">
            <subfield code="a">Archivio musicale Vergelli</subfield>
            <subfield code="c">Tivoli</subfield>
            <subfield code="g">I-TIVvergelli</subfield>
         </datafield>
         <datafield tag="622" ind1=" " ind2=" ">
            <subfield code="e">Archivio musicale Vergelli, Piazza del Seminario, 18, 00019 Tivoli (RM), Italy</subfield>
         </datafield>
      </record>