
      <record>
         <leader>00000nz  a2200169   4500</leader>
         <controlfield tag="001">30001954</controlfield>
         <controlfield tag="003">RISM</controlfield>
         <controlfield tag="005">20160216</controlfield>
         <controlfield tag="008">160216n||az|||||||##########||||||||||||</controlfield>
         <datafield tag="040" ind1=" " ind2=" ">
            <subfield code="a">I-TLp</subfield>
         </datafield>
         <datafield tag="043" ind1=" " ind2=" ">
            <subfield code="c">XA-IT</subfield>
         </datafield>
         <datafield tag="110" ind1="2" ind2=" ">
            <subfield code="a">Museo di Casa Puccini</subfield>
            <subfield code="c">Torre del Lago Puccini</subfield>
            <subfield code="g">I-TLp</subfield>
         </datafield>
         <datafield tag="622" ind1=" " ind2=" ">
            <subfield code="e">Museo di Casa Puccini, Viale Giacomo Puccini, 266, 55048 Torre del Lago Puccini (LU), Italy</subfield>
            <subfield code="u">http://www.giacomopuccini.it/</subfield>
         </datafield>
      </record>