
      <record>
         <leader>00000nz  a2200169   4500</leader>
         <controlfield tag="001">30001949</controlfield>
         <controlfield tag="003">RISM</controlfield>
         <controlfield tag="005">20160216</controlfield>
         <controlfield tag="008">160216n||az|||||||##########||||||||||||</controlfield>
         <datafield tag="040" ind1=" " ind2=" ">
            <subfield code="a">I-Tmc</subfield>
         </datafield>
         <datafield tag="043" ind1=" " ind2=" ">
            <subfield code="c">XA-IT</subfield>
         </datafield>
         <datafield tag="110" ind1="2" ind2=" ">
            <subfield code="a">Biblioteca d'arte dei musei civici di Torino</subfield>
            <subfield code="c">Torino</subfield>
            <subfield code="g">I-Tmc</subfield>
         </datafield>
         <datafield tag="622" ind1=" " ind2=" ">
            <subfield code="e">Biblioteca d'arte dei musei civici di,  Torino, Via Magenta, 31, 10128 Torino (TO), Italy</subfield>
            <subfield code="u">http://www.palazzomadamatorino.it/pagina4.php?id_pagina=61</subfield>
         </datafield>
      </record>