
      <record>
         <leader>00000nz  a2200169   4500</leader>
         <controlfield tag="001">30077096</controlfield>
         <controlfield tag="003">RISM</controlfield>
         <controlfield tag="005">20160216</controlfield>
         <controlfield tag="008">160216n||az|||||||##########||||||||||||</controlfield>
         <datafield tag="040" ind1=" " ind2=" ">
            <subfield code="a">I-Tmnr</subfield>
         </datafield>
         <datafield tag="043" ind1=" " ind2=" ">
            <subfield code="c">XA-IT</subfield>
         </datafield>
         <datafield tag="110" ind1="2" ind2=" ">
            <subfield code="a">Biblioteca e Archivio del Museo nazionale del Risorgimento italiano</subfield>
            <subfield code="c">Torino</subfield>
            <subfield code="g">I-Tmnr</subfield>
         </datafield>
         <datafield tag="622" ind1=" " ind2=" ">
            <subfield code="e">Biblioteca e Archivio del Museo,  nazionale del Risorgimento italiano, via Accademia delle Scienze, 5, 10123 Torino, Italy</subfield>
            <subfield code="u">http://www.museorisorgimentotorino.it/</subfield>
         </datafield>
      </record>