
      <record>
         <leader>00000nz  a2200169   4500</leader>
         <controlfield tag="001">30001950</controlfield>
         <controlfield tag="003">RISM</controlfield>
         <controlfield tag="005">20160216</controlfield>
         <controlfield tag="008">160216n||az|||||||##########||||||||||||</controlfield>
         <datafield tag="040" ind1=" " ind2=" ">
            <subfield code="a">I-Tn</subfield>
         </datafield>
         <datafield tag="043" ind1=" " ind2=" ">
            <subfield code="c">XA-IT</subfield>
         </datafield>
         <datafield tag="110" ind1="2" ind2=" ">
            <subfield code="a">Biblioteca nazionale universitaria</subfield>
            <subfield code="c">Torino</subfield>
            <subfield code="g">I-Tn</subfield>
         </datafield>
         <datafield tag="622" ind1=" " ind2=" ">
            <subfield code="e">Biblioteca nazionale universitaria, Piazza Carlo Alberto, 3, 10123 Torino (TO), Italy</subfield>
            <subfield code="u">http://www.bnto.librari.beniculturali.it/index.php?it/1/home</subfield>
         </datafield>
      </record>