
      <record>
         <leader>00000nz  a2200169   4500</leader>
         <controlfield tag="001">30003531</controlfield>
         <controlfield tag="003">RISM</controlfield>
         <controlfield tag="005">20160216</controlfield>
         <controlfield tag="008">160216n||az|||||||##########||||||||||||</controlfield>
         <datafield tag="040" ind1=" " ind2=" ">
            <subfield code="a">I-TOL</subfield>
         </datafield>
         <datafield tag="043" ind1=" " ind2=" ">
            <subfield code="c">XA-IT</subfield>
         </datafield>
         <datafield tag="110" ind1="2" ind2=" ">
            <subfield code="a">Biblioteca Comunale Filelfica</subfield>
            <subfield code="c">Tolentino</subfield>
            <subfield code="g">I-TOL</subfield>
         </datafield>
         <datafield tag="410" ind1="2" ind2=" ">
            <subfield code="a">Biblioteca Comunale Filefica</subfield>
         </datafield>
         <datafield tag="622" ind1=" " ind2=" ">
            <subfield code="e">Biblioteca Comunale Filelfica, Piazza Don Bosco 6 (Via del Mattatoio, ?), I-62029 Tolentino (MC). Regione, Marche</subfield>
         </datafield>
      </record>