
      <record>
         <leader>00000nz  a2200169   4500</leader>
         <controlfield tag="001">30004993</controlfield>
         <controlfield tag="003">RISM</controlfield>
         <controlfield tag="005">20160216</controlfield>
         <controlfield tag="008">160216n||az|||||||##########||||||||||||</controlfield>
         <datafield tag="040" ind1=" " ind2=" ">
            <subfield code="a">I-TOLe</subfield>
         </datafield>
         <datafield tag="043" ind1=" " ind2=" ">
            <subfield code="c">XA-IT</subfield>
         </datafield>
         <datafield tag="110" ind1="2" ind2=" ">
            <subfield code="a">Biblioteca Egidiana (Convento di S. Nicola)</subfield>
            <subfield code="c">Tolentino</subfield>
            <subfield code="g">I-TOLe</subfield>
         </datafield>
         <datafield tag="410" ind1="2" ind2=" ">
            <subfield code="a">Convento di S. Nicola, Biblioteca Egidiana</subfield>
         </datafield>
         <datafield tag="622" ind1=" " ind2=" ">
            <subfield code="e">Biblioteca Egidiana (Convento di S., Nicola), Piazza San Nicola, I-62029 Tolentino, (MC). Regione Marche</subfield>
         </datafield>
      </record>