
      <record>
         <leader>00000nz  a2200169   4500</leader>
         <controlfield tag="001">30004994</controlfield>
         <controlfield tag="003">RISM</controlfield>
         <controlfield tag="005">20160216</controlfield>
         <controlfield tag="008">160216n||az|||||||##########||||||||||||</controlfield>
         <datafield tag="040" ind1=" " ind2=" ">
            <subfield code="a">I-TORims</subfield>
         </datafield>
         <datafield tag="043" ind1=" " ind2=" ">
            <subfield code="c">XA-IT</subfield>
         </datafield>
         <datafield tag="110" ind1="2" ind2=" ">
            <subfield code="a">Istituto Diocesano di Musica Sacra, Biblioteca</subfield>
            <subfield code="c">Tortona</subfield>
            <subfield code="g">I-TORims</subfield>
         </datafield>
         <datafield tag="622" ind1=" " ind2=" ">
            <subfield code="e">Istituto Diocesano di Musica Sacra,, Biblioteca, Piazza Duomo 12, I-15057 Tortona (AL)., Regione Piemonte</subfield>
         </datafield>
      </record>