
      <record>
         <leader>00000nz  a2200169   4500</leader>
         <controlfield tag="001">30004980</controlfield>
         <controlfield tag="003">RISM</controlfield>
         <controlfield tag="005">20160216</controlfield>
         <controlfield tag="008">160216n||az|||||||##########||||||||||||</controlfield>
         <datafield tag="040" ind1=" " ind2=" ">
            <subfield code="a">I-Tpc</subfield>
         </datafield>
         <datafield tag="043" ind1=" " ind2=" ">
            <subfield code="c">XA-IT</subfield>
         </datafield>
         <datafield tag="110" ind1="2" ind2=" ">
            <subfield code="a">Biblioteca Provinciale dei Frati Minori Cappuccini</subfield>
            <subfield code="c">Torino</subfield>
            <subfield code="g">I-Tpc</subfield>
         </datafield>
         <datafield tag="410" ind1="2" ind2=" ">
            <subfield code="a">Biblioteca Provinciale dei Cappuccini</subfield>
         </datafield>
         <datafield tag="622" ind1=" " ind2=" ">
            <subfield code="e">Biblioteca Provinciale dei Frati Minori, Cappuccini, Via Giardino 35, Monte dei Cappuccini,, I-10131 Torino. Regione Piemonte</subfield>
         </datafield>
      </record>