
      <record>
         <leader>00000nz  a2200169   4500</leader>
         <controlfield tag="001">30001951</controlfield>
         <controlfield tag="003">RISM</controlfield>
         <controlfield tag="005">20160216</controlfield>
         <controlfield tag="008">160216n||az|||||||##########||||||||||||</controlfield>
         <datafield tag="040" ind1=" " ind2=" ">
            <subfield code="a">I-Tr</subfield>
         </datafield>
         <datafield tag="043" ind1=" " ind2=" ">
            <subfield code="c">XA-IT</subfield>
         </datafield>
         <datafield tag="110" ind1="2" ind2=" ">
            <subfield code="a">Biblioteca Reale</subfield>
            <subfield code="c">Torino</subfield>
            <subfield code="g">I-Tr</subfield>
         </datafield>
         <datafield tag="622" ind1=" " ind2=" ">
            <subfield code="e">Biblioteca Reale, Piazza Castello, 191, 10122 Torino (TO), Italy</subfield>
            <subfield code="u">http://www.bibliotecareale.beniculturali.it/index.php/en/</subfield>
         </datafield>
      </record>