
      <record>
         <leader>00000nz  a2200169   4500</leader>
         <controlfield tag="001">30003117</controlfield>
         <controlfield tag="003">RISM</controlfield>
         <controlfield tag="005">20160216</controlfield>
         <controlfield tag="008">160216n||az|||||||##########||||||||||||</controlfield>
         <datafield tag="040" ind1=" " ind2=" ">
            <subfield code="a">I-TRbc</subfield>
         </datafield>
         <datafield tag="043" ind1=" " ind2=" ">
            <subfield code="c">XA-IT</subfield>
         </datafield>
         <datafield tag="110" ind1="2" ind2=" ">
            <subfield code="a">Castello del Buonconsiglio, Biblioteca</subfield>
            <subfield code="c">Trento</subfield>
            <subfield code="g">I-TRbc</subfield>
         </datafield>
         <datafield tag="410" ind1="2" ind2=" ">
            <subfield code="a">Monumenti e Collezioni Provinciali</subfield>
         </datafield>
         <datafield tag="622" ind1=" " ind2=" ">
            <subfield code="e">Castello del Buonconsiglio, Biblioteca, via Bernardo Clesio, 5, 38122 Trento, Italy</subfield>
            <subfield code="u">http://www.buonconsiglio.it/index.php/it/Castello-del-Buonconsiglio</subfield>
         </datafield>
      </record>