
      <record>
         <leader>00000nz  a2200169   4500</leader>
         <controlfield tag="001">30005506</controlfield>
         <controlfield tag="003">RISM</controlfield>
         <controlfield tag="005">20160216</controlfield>
         <controlfield tag="008">160216n||az|||||||##########||||||||||||</controlfield>
         <datafield tag="040" ind1=" " ind2=" ">
            <subfield code="a">I-TRcap</subfield>
         </datafield>
         <datafield tag="043" ind1=" " ind2=" ">
            <subfield code="c">XA-IT</subfield>
         </datafield>
         <datafield tag="110" ind1="2" ind2=" ">
            <subfield code="a">Biblioteca Capitolare con annesso Archivio</subfield>
            <subfield code="c">Trento</subfield>
            <subfield code="g">I-TRcap</subfield>
         </datafield>
         <datafield tag="410" ind1="2" ind2=" ">
            <subfield code="a">Biblioteca Capitolare</subfield>
         </datafield>
         <datafield tag="622" ind1=" " ind2=" ">
            <subfield code="e">Biblioteca Capitolare con annesso, Archivio, Piazza Fiera 1 (Piazza A. d'Arogno 9),, I-38100 Trento. Regione Trentino Alto, Adige</subfield>
         </datafield>
      </record>