
      <record>
         <leader>00000nz  a2200169   4500</leader>
         <controlfield tag="001">30005507</controlfield>
         <controlfield tag="003">RISM</controlfield>
         <controlfield tag="005">20160216</controlfield>
         <controlfield tag="008">160216n||az|||||||##########||||||||||||</controlfield>
         <datafield tag="040" ind1=" " ind2=" ">
            <subfield code="a">I-TRcon</subfield>
         </datafield>
         <datafield tag="043" ind1=" " ind2=" ">
            <subfield code="c">XA-IT</subfield>
         </datafield>
         <datafield tag="110" ind1="2" ind2=" ">
            <subfield code="a">Conservatorio Statale di Musica F. A. Bonporti, V. Gianferrari, Biblioteca</subfield>
            <subfield code="c">Trento</subfield>
            <subfield code="g">I-TRcon</subfield>
         </datafield>
         <datafield tag="410" ind1="2" ind2=" ">
            <subfield code="a">Biblioteca del Conservatorio Statale di Musica V. Gianferrari</subfield>
         </datafield>
         <datafield tag="622" ind1=" " ind2=" ">
            <subfield code="e">Conservatorio Statale di Musica F. A., Bonporti, V. Gianferrari, Biblioteca, Via S. Maria Maddalena 16, I-38100, Trento. Regione Trentino Alto Adige</subfield>
         </datafield>
      </record>