
      <record>
         <leader>00000nz  a2200169   4500</leader>
         <controlfield tag="001">30003535</controlfield>
         <controlfield tag="003">RISM</controlfield>
         <controlfield tag="005">20160216</controlfield>
         <controlfield tag="008">160216n||az|||||||##########||||||||||||</controlfield>
         <datafield tag="040" ind1=" " ind2=" ">
            <subfield code="a">I-TRE</subfield>
         </datafield>
         <datafield tag="043" ind1=" " ind2=" ">
            <subfield code="c">XA-IT</subfield>
         </datafield>
         <datafield tag="110" ind1="2" ind2=" ">
            <subfield code="a">Biblioteca Privata Conte Gian Ludovico Sola-Cabiati</subfield>
            <subfield code="c">Tremezzo</subfield>
            <subfield code="g">I-TRE</subfield>
         </datafield>
         <datafield tag="410" ind1="2" ind2=" ">
            <subfield code="a">Count Gian Ludovico Sola-Cabiati, private collection</subfield>
         </datafield>
         <datafield tag="622" ind1=" " ind2=" ">
            <subfield code="e">Biblioteca Privata Conte Gian Ludovico, Sola-Cabiati, I-22019 Tremezzo (CO). Regione Lombardia</subfield>
         </datafield>
      </record>