
      <record>
         <leader>00000nz  a2200169   4500</leader>
         <controlfield tag="001">30005596</controlfield>
         <controlfield tag="003">RISM</controlfield>
         <controlfield tag="005">20160216</controlfield>
         <controlfield tag="008">160216n||az|||||||##########||||||||||||</controlfield>
         <datafield tag="040" ind1=" " ind2=" ">
            <subfield code="a">I-TRMas</subfield>
         </datafield>
         <datafield tag="043" ind1=" " ind2=" ">
            <subfield code="c">XA-IT</subfield>
         </datafield>
         <datafield tag="110" ind1="2" ind2=" ">
            <subfield code="a">Archivio di Stato</subfield>
            <subfield code="c">Teramo</subfield>
            <subfield code="g">I-TRMas</subfield>
         </datafield>
         <datafield tag="622" ind1=" " ind2=" ">
            <subfield code="e">Archivio di Stato, Circonvallazione Ragusa, (Via M., Delfico 16 ?), I-64021 Teramo. Regione, Abruzzo</subfield>
         </datafield>
      </record>