
      <record>
         <leader>00000nz  a2200169   4500</leader>
         <controlfield tag="001">30003532</controlfield>
         <controlfield tag="003">RISM</controlfield>
         <controlfield tag="005">20160216</controlfield>
         <controlfield tag="008">160216n||az|||||||##########||||||||||||</controlfield>
         <datafield tag="040" ind1=" " ind2=" ">
            <subfield code="a">I-TRmd</subfield>
         </datafield>
         <datafield tag="043" ind1=" " ind2=" ">
            <subfield code="c">XA-IT</subfield>
         </datafield>
         <datafield tag="110" ind1="2" ind2=" ">
            <subfield code="a">Museo Diocesano, Biblioteca</subfield>
            <subfield code="c">Trento</subfield>
            <subfield code="g">I-TRmd</subfield>
         </datafield>
         <datafield tag="622" ind1=" " ind2=" ">
            <subfield code="e">Museo Diocesano, Biblioteca, Piazza Duomo 18, I-38100 Trento., Regione Trentino Alto Adige</subfield>
         </datafield>
      </record>