
      <record>
         <leader>00000nz  a2200169   4500</leader>
         <controlfield tag="001">30003534</controlfield>
         <controlfield tag="003">RISM</controlfield>
         <controlfield tag="005">20160216</controlfield>
         <controlfield tag="008">160216n||az|||||||##########||||||||||||</controlfield>
         <datafield tag="040" ind1=" " ind2=" ">
            <subfield code="a">I-TRmr</subfield>
         </datafield>
         <datafield tag="043" ind1=" " ind2=" ">
            <subfield code="c">XA-IT</subfield>
         </datafield>
         <datafield tag="110" ind1="2" ind2=" ">
            <subfield code="a">Museo Trentino del Risorgimento e della Lotta per la Libertà, Biblioteca</subfield>
            <subfield code="c">Trento</subfield>
            <subfield code="g">I-TRmr</subfield>
         </datafield>
         <datafield tag="410" ind1="2" ind2=" ">
            <subfield code="a">Museo del Risorgimento</subfield>
         </datafield>
         <datafield tag="410" ind1="2" ind2=" ">
            <subfield code="a">Museo del Risorgimento e della Lotta per la Libertà, Biblioteca</subfield>
         </datafield>
         <datafield tag="410" ind1="2" ind2=" ">
            <subfield code="a">Mueo Storico in Trento</subfield>
         </datafield>
         <datafield tag="622" ind1=" " ind2=" ">
            <subfield code="e">Museo Trentino del Risorgimento e della, Lotta per la Libertà, Biblioteca, Via Bernardo Clesio 3, I-38100 Trento., Regione Trentino Alto Adige</subfield>
         </datafield>
      </record>