
      <record>
         <leader>00000nz  a2200169   4500</leader>
         <controlfield tag="001">30003536</controlfield>
         <controlfield tag="003">RISM</controlfield>
         <controlfield tag="005">20160216</controlfield>
         <controlfield tag="008">160216n||az|||||||##########||||||||||||</controlfield>
         <datafield tag="040" ind1=" " ind2=" ">
            <subfield code="a">I-TRN</subfield>
         </datafield>
         <datafield tag="043" ind1=" " ind2=" ">
            <subfield code="c">XA-IT</subfield>
         </datafield>
         <datafield tag="110" ind1="2" ind2=" ">
            <subfield code="a">Biblioteca Comunale Giovanni Bovio</subfield>
            <subfield code="c">Trani</subfield>
            <subfield code="g">I-TRN</subfield>
         </datafield>
         <datafield tag="622" ind1=" " ind2=" ">
            <subfield code="e">Biblioteca Comunale Giovanni Bovio, Piazza Longobardi 35, I-70059 Trani, (BA). Regione Puglia</subfield>
         </datafield>
      </record>