
      <record>
         <leader>00000nz  a2200169   4500</leader>
         <controlfield tag="001">30004996</controlfield>
         <controlfield tag="003">RISM</controlfield>
         <controlfield tag="005">20160216</controlfield>
         <controlfield tag="008">160216n||az|||||||##########||||||||||||</controlfield>
         <datafield tag="040" ind1=" " ind2=" ">
            <subfield code="a">I-TRNad</subfield>
         </datafield>
         <datafield tag="043" ind1=" " ind2=" ">
            <subfield code="c">XA-IT</subfield>
         </datafield>
         <datafield tag="110" ind1="2" ind2=" ">
            <subfield code="a">Biblioteca Diocesana Arcivescovo Giovanni</subfield>
            <subfield code="c">Trani</subfield>
            <subfield code="g">I-TRNad</subfield>
         </datafield>
         <datafield tag="622" ind1=" " ind2=" ">
            <subfield code="e">Biblioteca Diocesana Arcivescovo, Giovanni, Via Beltrami (Piazza Duomo 8 ?), I, -70059 Trani (BA). Regione Puglia</subfield>
         </datafield>
      </record>