
      <record>
         <leader>00000nz  a2200169   4500</leader>
         <controlfield tag="001">30005504</controlfield>
         <controlfield tag="003">RISM</controlfield>
         <controlfield tag="005">20160216</controlfield>
         <controlfield tag="008">160216n||az|||||||##########||||||||||||</controlfield>
         <datafield tag="040" ind1=" " ind2=" ">
            <subfield code="a">I-TRPc</subfield>
         </datafield>
         <datafield tag="043" ind1=" " ind2=" ">
            <subfield code="c">XA-IT</subfield>
         </datafield>
         <datafield tag="110" ind1="2" ind2=" ">
            <subfield code="a">Conservatorio di Musica A. Scontrino, Biblioteca</subfield>
            <subfield code="c">Trapani</subfield>
            <subfield code="g">I-TRPc</subfield>
         </datafield>
         <datafield tag="410" ind1="2" ind2=" ">
            <subfield code="a">Conservatorio Statale di Musica A. Scontrino, Biblioteca</subfield>
         </datafield>
         <datafield tag="622" ind1=" " ind2=" ">
            <subfield code="e">Conservatorio di Musica A. Scontrino,, Biblioteca, Via G. Cesare 12 (Via Sceusa 1 ?), I, -91100 Trapani. Regione Sicilia</subfield>
         </datafield>
      </record>