
      <record>
         <leader>00000nz  a2200169   4500</leader>
         <controlfield tag="001">30003528</controlfield>
         <controlfield tag="003">RISM</controlfield>
         <controlfield tag="005">20160216</controlfield>
         <controlfield tag="008">160216n||az|||||||##########||||||||||||</controlfield>
         <datafield tag="040" ind1=" " ind2=" ">
            <subfield code="a">I-Trt</subfield>
         </datafield>
         <datafield tag="043" ind1=" " ind2=" ">
            <subfield code="c">XA-IT</subfield>
         </datafield>
         <datafield tag="110" ind1="2" ind2=" ">
            <subfield code="a">Archivio musicale dell’Orchestra Sinfonica Nazionale della RAI</subfield>
            <subfield code="c">Torino</subfield>
            <subfield code="g">I-Trt</subfield>
         </datafield>
         <datafield tag="410" ind1="2" ind2=" ">
            <subfield code="a">Archivio Musicale Radiotelevisione Italiana</subfield>
         </datafield>
         <datafield tag="410" ind1="2" ind2=" ">
            <subfield code="a">RAI - Radiotelevisione Italiana, Biblioteca</subfield>
         </datafield>
         <datafield tag="622" ind1=" " ind2=" ">
            <subfield code="e">Archivio musicale dell’Orchestra,  Sinfonica Nazionale della RAI, piazza Rossaro, 10124 Torino, Italy</subfield>
            <subfield code="u">http://www.orchestrasinfonica.rai.it/dl/osn/simple/ContentItem-5fc217b1-595d-4f4a-baef-5ac05efbc995.html</subfield>
         </datafield>
      </record>