
      <record>
         <leader>00000nz  a2200169   4500</leader>
         <controlfield tag="001">30001957</controlfield>
         <controlfield tag="003">RISM</controlfield>
         <controlfield tag="005">20160216</controlfield>
         <controlfield tag="008">160216n||az|||||||##########||||||||||||</controlfield>
         <datafield tag="040" ind1=" " ind2=" ">
            <subfield code="a">I-TRu</subfield>
         </datafield>
         <datafield tag="043" ind1=" " ind2=" ">
            <subfield code="c">XA-IT</subfield>
         </datafield>
         <datafield tag="110" ind1="2" ind2=" ">
            <subfield code="a">Ufficio delle Belle Arti</subfield>
            <subfield code="c">Trento</subfield>
            <subfield code="g">I-TRu</subfield>
         </datafield>
         <datafield tag="410" ind1="2" ind2=" ">
            <subfield code="a">Ufficio delle Belle Arti (Beni Archiologici, Archivisti e Monumentali)</subfield>
         </datafield>
         <datafield tag="580" ind1=" " ind2=" ">
            <subfield code="x">I-TRbc</subfield>
            <subfield code="0">30003117</subfield>
         </datafield>
      </record>