
      <record>
         <leader>00000nz  a2200169   4500</leader>
         <controlfield tag="001">30005509</controlfield>
         <controlfield tag="003">RISM</controlfield>
         <controlfield tag="005">20160216</controlfield>
         <controlfield tag="008">160216n||az|||||||##########||||||||||||</controlfield>
         <datafield tag="040" ind1=" " ind2=" ">
            <subfield code="a">I-TRVp</subfield>
         </datafield>
         <datafield tag="043" ind1=" " ind2=" ">
            <subfield code="c">XA-IT</subfield>
         </datafield>
         <datafield tag="110" ind1="2" ind2=" ">
            <subfield code="a">Chiesa Prepositurale dei SS. Maria Assunta e Martino, Archivio</subfield>
            <subfield code="c">Treviglio</subfield>
            <subfield code="g">I-TRVp</subfield>
         </datafield>
         <datafield tag="410" ind1="2" ind2=" ">
            <subfield code="a">Archivio della Parrocchiale</subfield>
         </datafield>
         <datafield tag="622" ind1=" " ind2=" ">
            <subfield code="e">Chiesa Prepositurale dei SS. Maria, Assunta e Martino, Archivio, I-24047 Treviglio (BG). Regione, Lombardia</subfield>
         </datafield>
      </record>