
      <record>
         <leader>00000nz  a2200169   4500</leader>
         <controlfield tag="001">30004981</controlfield>
         <controlfield tag="003">RISM</controlfield>
         <controlfield tag="005">20160216</controlfield>
         <controlfield tag="008">160216n||az|||||||##########||||||||||||</controlfield>
         <datafield tag="040" ind1=" " ind2=" ">
            <subfield code="a">I-Ts</subfield>
         </datafield>
         <datafield tag="043" ind1=" " ind2=" ">
            <subfield code="c">XA-IT</subfield>
         </datafield>
         <datafield tag="110" ind1="2" ind2=" ">
            <subfield code="a">Biblioteca del Seminario arcivescovile</subfield>
            <subfield code="c">Torino</subfield>
            <subfield code="g">I-Ts</subfield>
         </datafield>
         <datafield tag="622" ind1=" " ind2=" ">
            <subfield code="e">Biblioteca del Seminario arcivescovile, Via XX Settembre, 83, 10122 Torino (TO), Italy</subfield>
            <subfield code="u">http://goo.gl/ClnEZm</subfield>
         </datafield>
      </record>