
      <record>
         <leader>00000nz  a2200169   4500</leader>
         <controlfield tag="001">30001959</controlfield>
         <controlfield tag="003">RISM</controlfield>
         <controlfield tag="005">20160216</controlfield>
         <controlfield tag="008">160216n||az|||||||##########||||||||||||</controlfield>
         <datafield tag="040" ind1=" " ind2=" ">
            <subfield code="a">I-TSci</subfield>
         </datafield>
         <datafield tag="043" ind1=" " ind2=" ">
            <subfield code="c">XA-IT</subfield>
         </datafield>
         <datafield tag="110" ind1="2" ind2=" ">
            <subfield code="a">Biblioteca civica Attilio Hortis</subfield>
            <subfield code="c">Trieste</subfield>
            <subfield code="g">I-TSci</subfield>
         </datafield>
         <datafield tag="622" ind1=" " ind2=" ">
            <subfield code="e">Biblioteca civica Attilio Hortis, Centralino, Via Madonna del Mare, 13, 34123 Trieste (TS), Italy</subfield>
            <subfield code="u">http://www.bibliotecacivicahortis.it/</subfield>
         </datafield>
      </record>