
      <record>
         <leader>00000nz  a2200169   4500</leader>
         <controlfield tag="001">30003538</controlfield>
         <controlfield tag="003">RISM</controlfield>
         <controlfield tag="005">20160216</controlfield>
         <controlfield tag="008">160216n||az|||||||##########||||||||||||</controlfield>
         <datafield tag="040" ind1=" " ind2=" ">
            <subfield code="a">I-TScm</subfield>
         </datafield>
         <datafield tag="043" ind1=" " ind2=" ">
            <subfield code="c">XA-IT</subfield>
         </datafield>
         <datafield tag="110" ind1="2" ind2=" ">
            <subfield code="a">Civici Musei di Storia dell'Arte e del Risorgimento, Biblioteca</subfield>
            <subfield code="c">Trieste</subfield>
            <subfield code="g">I-TScm</subfield>
         </datafield>
         <datafield tag="410" ind1="2" ind2=" ">
            <subfield code="a">Civici Musei di Storia ed Arte</subfield>
         </datafield>
         <datafield tag="622" ind1=" " ind2=" ">
            <subfield code="e">Civici Musei di Storia dell'Arte e del, Risorgimento, Biblioteca, Via Cattedrale 15 (via Imbriani 5 ?), I, -34123 Triest. Regione Friuli Venezia, Giulia</subfield>
         </datafield>
      </record>