
      <record>
         <leader>00000nz  a2200169   4500</leader>
         <controlfield tag="001">30001960</controlfield>
         <controlfield tag="003">RISM</controlfield>
         <controlfield tag="005">20160216</controlfield>
         <controlfield tag="008">160216n||az|||||||##########||||||||||||</controlfield>
         <datafield tag="040" ind1=" " ind2=" ">
            <subfield code="a">I-TScon</subfield>
         </datafield>
         <datafield tag="043" ind1=" " ind2=" ">
            <subfield code="c">XA-IT</subfield>
         </datafield>
         <datafield tag="110" ind1="2" ind2=" ">
            <subfield code="a">Biblioteca del Conservatorio di Musica Giuseppe Tartini</subfield>
            <subfield code="c">Trieste</subfield>
            <subfield code="g">I-TScon</subfield>
         </datafield>
         <datafield tag="622" ind1=" " ind2=" ">
            <subfield code="e">Biblioteca del Conservatorio di Musica,  Giuseppe Tartini, Via Carlo Ghega, 12, 34132 Trieste (TS), Italy</subfield>
            <subfield code="u">http://www.conservatorio.trieste.it/</subfield>
         </datafield>
      </record>