
      <record>
         <leader>00000nz  a2200169   4500</leader>
         <controlfield tag="001">30005000</controlfield>
         <controlfield tag="003">RISM</controlfield>
         <controlfield tag="005">20160216</controlfield>
         <controlfield tag="008">160216n||az|||||||##########||||||||||||</controlfield>
         <datafield tag="040" ind1=" " ind2=" ">
            <subfield code="a">I-TSmm</subfield>
         </datafield>
         <datafield tag="043" ind1=" " ind2=" ">
            <subfield code="c">XA-IT</subfield>
         </datafield>
         <datafield tag="110" ind1="2" ind2=" ">
            <subfield code="a">Museo Storico del Castello di Miramare, Biblioteca</subfield>
            <subfield code="c">Trieste</subfield>
            <subfield code="g">I-TSmm</subfield>
         </datafield>
         <datafield tag="622" ind1=" " ind2=" ">
            <subfield code="e">Museo Storico del Castello di Miramare,, Biblioteca, Castello Miramare, I-34135 Trieste, -Miramare. Regione Friuli Venezia Giulia</subfield>
         </datafield>
      </record>