
      <record>
         <leader>00000nz  a2200169   4500</leader>
         <controlfield tag="001">30001961</controlfield>
         <controlfield tag="003">RISM</controlfield>
         <controlfield tag="005">20160216</controlfield>
         <controlfield tag="008">160216n||az|||||||##########||||||||||||</controlfield>
         <datafield tag="040" ind1=" " ind2=" ">
            <subfield code="a">I-TSmt</subfield>
         </datafield>
         <datafield tag="043" ind1=" " ind2=" ">
            <subfield code="c">XA-IT</subfield>
         </datafield>
         <datafield tag="110" ind1="2" ind2=" ">
            <subfield code="a">Biblioteca del Civico museo teatrale di Fondazione Carlo Schmidl</subfield>
            <subfield code="c">Trieste</subfield>
            <subfield code="g">I-TSmt</subfield>
         </datafield>
         <datafield tag="622" ind1=" " ind2=" ">
            <subfield code="e">Biblioteca del Civico museo teatrale di,  Fondazione Carlo Schmidl, Via Rossini, 4, 34132 Trieste (TS), Italy</subfield>
            <subfield code="u">http://www.retecivica.trieste.it/triestecultura/new/musei/museo_schmidl/</subfield>
         </datafield>
      </record>