
      <record>
         <leader>00000nz  a2200169   4500</leader>
         <controlfield tag="001">30003539</controlfield>
         <controlfield tag="003">RISM</controlfield>
         <controlfield tag="005">20160216</controlfield>
         <controlfield tag="008">160216n||az|||||||##########||||||||||||</controlfield>
         <datafield tag="040" ind1=" " ind2=" ">
            <subfield code="a">I-TSsg</subfield>
         </datafield>
         <datafield tag="043" ind1=" " ind2=" ">
            <subfield code="c">XA-IT</subfield>
         </datafield>
         <datafield tag="110" ind1="2" ind2=" ">
            <subfield code="a">Cappella della Cattedrale S. Giusto, Archivio</subfield>
            <subfield code="c">Trieste</subfield>
            <subfield code="g">I-TSsg</subfield>
         </datafield>
         <datafield tag="580" ind1=" " ind2=" ">
            <subfield code="x">I-TSci</subfield>
            <subfield code="0">30001959</subfield>
         </datafield>
      </record>