
      <record>
         <leader>00000nz  a2200169   4500</leader>
         <controlfield tag="001">30005510</controlfield>
         <controlfield tag="003">RISM</controlfield>
         <controlfield tag="005">20160216</controlfield>
         <controlfield tag="008">160216n||az|||||||##########||||||||||||</controlfield>
         <datafield tag="040" ind1=" " ind2=" ">
            <subfield code="a">I-TStv</subfield>
         </datafield>
         <datafield tag="043" ind1=" " ind2=" ">
            <subfield code="c">XA-IT</subfield>
         </datafield>
         <datafield tag="110" ind1="2" ind2=" ">
            <subfield code="a">Teatro Verdi, Archivio Musicale</subfield>
            <subfield code="c">Trieste</subfield>
            <subfield code="g">I-TStv</subfield>
         </datafield>
         <datafield tag="622" ind1=" " ind2=" ">
            <subfield code="e">Teatro Verdi, Archivio Musicale, Riva 3 Novembre 1, I-34121 Trieste., Regione Friuli Venezia Giulia</subfield>
         </datafield>
      </record>