
      <record>
         <leader>00000nz  a2200169   4500</leader>
         <controlfield tag="001">30005496</controlfield>
         <controlfield tag="003">RISM</controlfield>
         <controlfield tag="005">20160216</controlfield>
         <controlfield tag="008">160216n||az|||||||##########||||||||||||</controlfield>
         <datafield tag="040" ind1=" " ind2=" ">
            <subfield code="a">I-Tt</subfield>
         </datafield>
         <datafield tag="043" ind1=" " ind2=" ">
            <subfield code="c">XA-IT</subfield>
         </datafield>
         <datafield tag="110" ind1="2" ind2=" ">
            <subfield code="a">Teatro Regio, Archivio Musicale</subfield>
            <subfield code="c">Torino</subfield>
            <subfield code="g">I-Tt</subfield>
         </datafield>
         <datafield tag="410" ind1="2" ind2=" ">
            <subfield code="a">Biblioteca e Archivio Storico del Teatro Regio</subfield>
         </datafield>
         <datafield tag="622" ind1=" " ind2=" ">
            <subfield code="e">Teatro Regio, Archivio Musicale, Piazza Castello 215, I-10124 Torino., Regione Piemonte</subfield>
         </datafield>
      </record>