
      <record>
         <leader>00000nz  a2200169   4500</leader>
         <controlfield tag="001">30005501</controlfield>
         <controlfield tag="003">RISM</controlfield>
         <controlfield tag="005">20160216</controlfield>
         <controlfield tag="008">160216n||az|||||||##########||||||||||||</controlfield>
         <datafield tag="040" ind1=" " ind2=" ">
            <subfield code="a">I-Tug</subfield>
         </datafield>
         <datafield tag="043" ind1=" " ind2=" ">
            <subfield code="c">XA-IT</subfield>
         </datafield>
         <datafield tag="110" ind1="2" ind2=" ">
            <subfield code="a">Biblioteca Guido M. Gatti dell'Università degli Studi di Torino, Dip. di Discipline Artistica - Storia della Musica</subfield>
            <subfield code="c">Torino</subfield>
            <subfield code="g">I-Tug</subfield>
         </datafield>
         <datafield tag="622" ind1=" " ind2=" ">
            <subfield code="e">Biblioteca Guido M. Gatti, dell'Università degli Studi di Torino,, Dip. di Discipline Artistica - Storia, della Musica, Via S. Ottavio 20, I-10124 Torino., Regione Piemonte</subfield>
         </datafield>
      </record>