
      <record>
         <leader>00000nz  a2200169   4500</leader>
         <controlfield tag="001">30001963</controlfield>
         <controlfield tag="003">RISM</controlfield>
         <controlfield tag="005">20160216</controlfield>
         <controlfield tag="008">160216n||az|||||||##########||||||||||||</controlfield>
         <datafield tag="040" ind1=" " ind2=" ">
            <subfield code="a">I-TVd</subfield>
         </datafield>
         <datafield tag="043" ind1=" " ind2=" ">
            <subfield code="c">XA-IT</subfield>
         </datafield>
         <datafield tag="110" ind1="2" ind2=" ">
            <subfield code="a">Biblioteca capitolare del Duomo</subfield>
            <subfield code="c">Treviso</subfield>
            <subfield code="g">I-TVd</subfield>
         </datafield>
         <datafield tag="622" ind1=" " ind2=" ">
            <subfield code="e">Biblioteca capitolare del Duomo, Via Canoniche, 9, 31100 Treviso (TV), Italy</subfield>
            <subfield code="u">http://www.diocesitv.it/treviso/s2magazine/index1.jsp?idPagina=4893</subfield>
         </datafield>
      </record>