
      <record>
         <leader>00000nz  a2200169   4500</leader>
         <controlfield tag="001">30005513</controlfield>
         <controlfield tag="003">RISM</controlfield>
         <controlfield tag="005">20160216</controlfield>
         <controlfield tag="008">160216n||az|||||||##########||||||||||||</controlfield>
         <datafield tag="040" ind1=" " ind2=" ">
            <subfield code="a">I-TVOs</subfield>
         </datafield>
         <datafield tag="043" ind1=" " ind2=" ">
            <subfield code="c">XA-IT</subfield>
         </datafield>
         <datafield tag="110" ind1="2" ind2=" ">
            <subfield code="a">Seminario Diocesano, Biblioteca</subfield>
            <subfield code="c">Trivento</subfield>
            <subfield code="g">I-TVOs</subfield>
         </datafield>
         <datafield tag="622" ind1=" " ind2=" ">
            <subfield code="e">Seminario Diocesano, Biblioteca, Via Seminario, I-86029 Trivento (CB)., Regione Molise</subfield>
         </datafield>
      </record>