
      <record>
         <leader>00000nz  a2200169   4500</leader>
         <controlfield tag="001">30005916</controlfield>
         <controlfield tag="003">RISM</controlfield>
         <controlfield tag="005">20160216</controlfield>
         <controlfield tag="008">160216n||az|||||||##########||||||||||||</controlfield>
         <datafield tag="040" ind1=" " ind2=" ">
            <subfield code="a">I-TVs</subfield>
         </datafield>
         <datafield tag="043" ind1=" " ind2=" ">
            <subfield code="c">XA-IT</subfield>
         </datafield>
         <datafield tag="110" ind1="2" ind2=" ">
            <subfield code="a">Biblioteca del Seminario Vescovile</subfield>
            <subfield code="c">Treviso</subfield>
            <subfield code="g">I-TVs</subfield>
         </datafield>
         <datafield tag="622" ind1=" " ind2=" ">
            <subfield code="e">Biblioteca del Seminario Vescovile, Piazzetta Benedetto XI, 2, I-31030, Treviso. Regione Veneto</subfield>
         </datafield>
      </record>