
      <record>
         <leader>00000nz  a2200169   4500</leader>
         <controlfield tag="001">30005517</controlfield>
         <controlfield tag="003">RISM</controlfield>
         <controlfield tag="005">20160216</controlfield>
         <controlfield tag="008">160216n||az|||||||##########||||||||||||</controlfield>
         <datafield tag="040" ind1=" " ind2=" ">
            <subfield code="a">I-Ud</subfield>
         </datafield>
         <datafield tag="043" ind1=" " ind2=" ">
            <subfield code="c">XA-IT</subfield>
         </datafield>
         <datafield tag="110" ind1="2" ind2=" ">
            <subfield code="a">Capitolo Metropolitano, Archivio</subfield>
            <subfield code="c">Urbino</subfield>
            <subfield code="g">I-Ud</subfield>
         </datafield>
         <datafield tag="410" ind1="2" ind2=" ">
            <subfield code="a">Opera del Duomo, Archivio-Museo</subfield>
         </datafield>
         <datafield tag="622" ind1=" " ind2=" ">
            <subfield code="e">Capitolo Metropolitano, Archivio, Piazza Duca Federico, I-61029 Urbino, (PS). Regione Marche</subfield>
         </datafield>
      </record>