
      <record>
         <leader>00000nz  a2200169   4500</leader>
         <controlfield tag="001">30005514</controlfield>
         <controlfield tag="003">RISM</controlfield>
         <controlfield tag="005">20160216</controlfield>
         <controlfield tag="008">160216n||az|||||||##########||||||||||||</controlfield>
         <datafield tag="040" ind1=" " ind2=" ">
            <subfield code="a">I-UDba</subfield>
         </datafield>
         <datafield tag="043" ind1=" " ind2=" ">
            <subfield code="c">XA-IT</subfield>
         </datafield>
         <datafield tag="110" ind1="2" ind2=" ">
            <subfield code="a">Biblioteca Arcivescovile e Bartoliniana</subfield>
            <subfield code="c">Udine</subfield>
            <subfield code="g">I-UDba</subfield>
         </datafield>
         <datafield tag="410" ind1="2" ind2=" ">
            <subfield code="a">Biblioteca Arcivescovile e Archivio della Curia Arcivescovile (con Biblioteca Bartoliniana)</subfield>
         </datafield>
         <datafield tag="622" ind1=" " ind2=" ">
            <subfield code="e">Biblioteca Arcivescovile e Bartoliniana, Piazza Patriarcato 1, I-33100 Udine., Regione Friuli Venezia Giulia</subfield>
         </datafield>
      </record>