
      <record>
         <leader>00000nz  a2200169   4500</leader>
         <controlfield tag="001">30001970</controlfield>
         <controlfield tag="003">RISM</controlfield>
         <controlfield tag="005">20160216</controlfield>
         <controlfield tag="008">160216n||az|||||||##########||||||||||||</controlfield>
         <datafield tag="040" ind1=" " ind2=" ">
            <subfield code="a">I-UDc</subfield>
         </datafield>
         <datafield tag="043" ind1=" " ind2=" ">
            <subfield code="c">XA-IT</subfield>
         </datafield>
         <datafield tag="110" ind1="2" ind2=" ">
            <subfield code="a">Biblioteca civica Vincenzo Joppi</subfield>
            <subfield code="c">Udine</subfield>
            <subfield code="g">I-UDc</subfield>
         </datafield>
         <datafield tag="622" ind1=" " ind2=" ">
            <subfield code="e">Biblioteca civica Vincenzo Joppi, Piazza Marconi, 8, 33100 Udine (UD), Italy</subfield>
            <subfield code="u">http://goo.gl/LfRdRi</subfield>
         </datafield>
      </record>