
      <record>
         <leader>00000nz  a2200169   4500</leader>
         <controlfield tag="001">30003542</controlfield>
         <controlfield tag="003">RISM</controlfield>
         <controlfield tag="005">20160216</controlfield>
         <controlfield tag="008">160216n||az|||||||##########||||||||||||</controlfield>
         <datafield tag="040" ind1=" " ind2=" ">
            <subfield code="a">I-UDi</subfield>
         </datafield>
         <datafield tag="043" ind1=" " ind2=" ">
            <subfield code="c">XA-IT</subfield>
         </datafield>
         <datafield tag="110" ind1="2" ind2=" ">
            <subfield code="a">Biblioteca del Conservatorio statale di musica Jacopo Tomadini</subfield>
            <subfield code="c">Udine</subfield>
            <subfield code="g">I-UDi</subfield>
         </datafield>
         <datafield tag="622" ind1=" " ind2=" ">
            <subfield code="e">Biblioteca del Conservatorio statale di,  musica Jacopo Tomadini, Piazza I Maggio, 29, 33100 Udine (UD), Italy</subfield>
            <subfield code="u">http://www.conservatorio.udine.it/</subfield>
         </datafield>
      </record>