
      <record>
         <leader>00000nz  a2200169   4500</leader>
         <controlfield tag="001">30005002</controlfield>
         <controlfield tag="003">RISM</controlfield>
         <controlfield tag="005">20160216</controlfield>
         <controlfield tag="008">160216n||az|||||||##########||||||||||||</controlfield>
         <datafield tag="040" ind1=" " ind2=" ">
            <subfield code="a">I-UDs</subfield>
         </datafield>
         <datafield tag="043" ind1=" " ind2=" ">
            <subfield code="c">XA-IT</subfield>
         </datafield>
         <datafield tag="110" ind1="2" ind2=" ">
            <subfield code="a">Biblioteca Pietro Bertolla del Seminario arcivescovile</subfield>
            <subfield code="c">Udine</subfield>
            <subfield code="g">I-UDs</subfield>
         </datafield>
         <datafield tag="410" ind1="2" ind2=" ">
            <subfield code="a">con Biblioteca capitolare del Duomo</subfield>
         </datafield>
         <datafield tag="622" ind1=" " ind2=" ">
            <subfield code="e">Biblioteca Pietro Bertolla del Seminario,  arcivescovile, Viale Ungheria, 20, 33100 Udine (UD), Italy</subfield>
            <subfield code="u">http://goo.gl/V5GqyY</subfield>
         </datafield>
      </record>