
      <record>
         <leader>00000nz  a2200169   4500</leader>
         <controlfield tag="001">30005518</controlfield>
         <controlfield tag="003">RISM</controlfield>
         <controlfield tag="005">20160216</controlfield>
         <controlfield tag="008">160216n||az|||||||##########||||||||||||</controlfield>
         <datafield tag="040" ind1=" " ind2=" ">
            <subfield code="a">I-Uia</subfield>
         </datafield>
         <datafield tag="043" ind1=" " ind2=" ">
            <subfield code="c">XA-IT</subfield>
         </datafield>
         <datafield tag="110" ind1="2" ind2=" ">
            <subfield code="a">Istituto Statale d'Arte, Biblioteca</subfield>
            <subfield code="c">Urbino</subfield>
            <subfield code="g">I-Uia</subfield>
         </datafield>
         <datafield tag="622" ind1=" " ind2=" ">
            <subfield code="e">Istituto Statale d'Arte, Biblioteca, Via Bramante, I-61029 Urbino (PS)., Regione Marche</subfield>
         </datafield>
      </record>