
      <record>
         <leader>00000nz  a2200169   4500</leader>
         <controlfield tag="001">30001971</controlfield>
         <controlfield tag="003">RISM</controlfield>
         <controlfield tag="005">20160216</controlfield>
         <controlfield tag="008">160216n||az|||||||##########||||||||||||</controlfield>
         <datafield tag="040" ind1=" " ind2=" ">
            <subfield code="a">I-URBc</subfield>
         </datafield>
         <datafield tag="043" ind1=" " ind2=" ">
            <subfield code="c">XA-IT</subfield>
         </datafield>
         <datafield tag="110" ind1="2" ind2=" ">
            <subfield code="a">Biblioteca comunale</subfield>
            <subfield code="c">Urbania</subfield>
            <subfield code="g">I-URBc</subfield>
         </datafield>
         <datafield tag="622" ind1=" " ind2=" ">
            <subfield code="e">Biblioteca comunale, Corso Vittorio Emanuele II, 23, 61049 Urbania (PU), Italy</subfield>
            <subfield code="u">http://goo.gl/V4PjYC</subfield>
         </datafield>
      </record>