
      <record>
         <leader>00000nz  a2200169   4500</leader>
         <controlfield tag="001">30001965</controlfield>
         <controlfield tag="003">RISM</controlfield>
         <controlfield tag="005">20160216</controlfield>
         <controlfield tag="008">160216n||az|||||||##########||||||||||||</controlfield>
         <datafield tag="040" ind1=" " ind2=" ">
            <subfield code="a">I-Us</subfield>
         </datafield>
         <datafield tag="043" ind1=" " ind2=" ">
            <subfield code="c">XA-IT</subfield>
         </datafield>
         <datafield tag="110" ind1="2" ind2=" ">
            <subfield code="a">Archivio della Cappella musicale del SS. Sacramento (Duomo)</subfield>
            <subfield code="c">Urbino</subfield>
            <subfield code="g">I-Us</subfield>
         </datafield>
         <datafield tag="622" ind1=" " ind2=" ">
            <subfield code="e">Archivio della Cappella musicale del SS.,  Sacramento (Duomo), Via Valerio, 7, 61029 Urbino (PU), Italy</subfield>
            <subfield code="u">http://www.cappellamusicale-urbino.it/</subfield>
         </datafield>
      </record>