
      <record>
         <leader>00000nz  a2200169   4500</leader>
         <controlfield tag="001">30001967</controlfield>
         <controlfield tag="003">RISM</controlfield>
         <controlfield tag="005">20160216</controlfield>
         <controlfield tag="008">160216n||az|||||||##########||||||||||||</controlfield>
         <datafield tag="040" ind1=" " ind2=" ">
            <subfield code="a">I-Uu</subfield>
         </datafield>
         <datafield tag="043" ind1=" " ind2=" ">
            <subfield code="c">XA-IT</subfield>
         </datafield>
         <datafield tag="110" ind1="2" ind2=" ">
            <subfield code="a">Biblioteca centrale umanistica dell'Università degli studi di Urbino</subfield>
            <subfield code="c">Urbino</subfield>
            <subfield code="g">I-Uu</subfield>
         </datafield>
         <datafield tag="622" ind1=" " ind2=" ">
            <subfield code="e">Biblioteca centrale umanistica,  dell'Università degli studi di Urbino, Via Aurelio Saffi, 2, 61029 Urbino (PU), Italy</subfield>
            <subfield code="u">http://pcb29.bib.uniurb.it:8080/Biblioteca%20Centrale%20Umanistica</subfield>
         </datafield>
      </record>