
      <record>
         <leader>00000nz  a2200169   4500</leader>
         <controlfield tag="001">30003544</controlfield>
         <controlfield tag="003">RISM</controlfield>
         <controlfield tag="005">20160216</controlfield>
         <controlfield tag="008">160216n||az|||||||##########||||||||||||</controlfield>
         <datafield tag="040" ind1=" " ind2=" ">
            <subfield code="a">I-VAa</subfield>
         </datafield>
         <datafield tag="043" ind1=" " ind2=" ">
            <subfield code="c">XA-IT</subfield>
         </datafield>
         <datafield tag="110" ind1="2" ind2=" ">
            <subfield code="a">Cattedrale di San Vittore, Biblioteca Prepositurale</subfield>
            <subfield code="c">Varese</subfield>
            <subfield code="g">I-VAa</subfield>
         </datafield>
         <datafield tag="410" ind1="2" ind2=" ">
            <subfield code="a">Cattedrale di San Vittore, Archivio Prepositurale</subfield>
         </datafield>
         <datafield tag="622" ind1=" " ind2=" ">
            <subfield code="e">Cattedrale di San Vittore, Biblioteca, Prepositurale, Piazza S. Vittore, I-21100 Varese., Regione Lombardia</subfield>
         </datafield>
      </record>