
      <record>
         <leader>00000nz  a2200169   4500</leader>
         <controlfield tag="001">30077141</controlfield>
         <controlfield tag="003">RISM</controlfield>
         <controlfield tag="005">20160216</controlfield>
         <controlfield tag="008">160216n||az|||||||##########||||||||||||</controlfield>
         <datafield tag="040" ind1=" " ind2=" ">
            <subfield code="a">I-Vaba</subfield>
         </datafield>
         <datafield tag="043" ind1=" " ind2=" ">
            <subfield code="c">XA-IT</subfield>
         </datafield>
         <datafield tag="110" ind1="2" ind2=" ">
            <subfield code="a">Accademia di belle arti, archivio storico</subfield>
            <subfield code="c">Venezia</subfield>
            <subfield code="g">I-Vaba</subfield>
         </datafield>
         <datafield tag="622" ind1=" " ind2=" ">
            <subfield code="e">Accademia di belle arti, archivio, storico, Dorsoduro, 423, 30123 Venezia, Italy</subfield>
            <subfield code="u">http://www.accademiavenezia.it/archivio.php</subfield>
         </datafield>
      </record>