
      <record>
         <leader>00000nz  a2200169   4500</leader>
         <controlfield tag="001">30005918</controlfield>
         <controlfield tag="003">RISM</controlfield>
         <controlfield tag="005">20160216</controlfield>
         <controlfield tag="008">160216n||az|||||||##########||||||||||||</controlfield>
         <datafield tag="040" ind1=" " ind2=" ">
            <subfield code="a">I-VAcl</subfield>
         </datafield>
         <datafield tag="043" ind1=" " ind2=" ">
            <subfield code="c">XA-IT</subfield>
         </datafield>
         <datafield tag="110" ind1="2" ind2=" ">
            <subfield code="a">Civico Liceo Musicale, Biblioteca</subfield>
            <subfield code="c">Varese</subfield>
            <subfield code="g">I-VAcl</subfield>
         </datafield>
         <datafield tag="622" ind1=" " ind2=" ">
            <subfield code="e">Civico Liceo Musicale, Biblioteca, Piazza della Motta 4, I-21100 Varese., Regione Lombardia</subfield>
         </datafield>
      </record>