
      <record>
         <leader>00000nz  a2200169   4500</leader>
         <controlfield tag="001">30005599</controlfield>
         <controlfield tag="003">RISM</controlfield>
         <controlfield tag="005">20160216</controlfield>
         <controlfield tag="008">160216n||az|||||||##########||||||||||||</controlfield>
         <datafield tag="040" ind1=" " ind2=" ">
            <subfield code="a">I-VAS</subfield>
         </datafield>
         <datafield tag="043" ind1=" " ind2=" ">
            <subfield code="c">XA-IT</subfield>
         </datafield>
         <datafield tag="110" ind1="2" ind2=" ">
            <subfield code="a">Archivio Vescovile</subfield>
            <subfield code="c">Vasto</subfield>
            <subfield code="g">I-VAS</subfield>
         </datafield>
         <datafield tag="622" ind1=" " ind2=" ">
            <subfield code="e">Archivio Vescovile, Via Vescovado 1, I-66054 Vasto (CH)., Regione Abruzzo</subfield>
         </datafield>
      </record>