
      <record>
         <leader>00000nz  a2200169   4500</leader>
         <controlfield tag="001">30005917</controlfield>
         <controlfield tag="003">RISM</controlfield>
         <controlfield tag="005">20160216</controlfield>
         <controlfield tag="008">160216n||az|||||||##########||||||||||||</controlfield>
         <datafield tag="040" ind1=" " ind2=" ">
            <subfield code="a">I-VAsc</subfield>
         </datafield>
         <datafield tag="043" ind1=" " ind2=" ">
            <subfield code="c">XA-IT</subfield>
         </datafield>
         <datafield tag="110" ind1="2" ind2=" ">
            <subfield code="a">Archivio Storico Civico (Fondo Teatro Sociale, Fondo Società Corale Varesina, Raccolta Museo)</subfield>
            <subfield code="c">Varese</subfield>
            <subfield code="g">I-VAsc</subfield>
         </datafield>
         <datafield tag="622" ind1=" " ind2=" ">
            <subfield code="e">Archivio Storico Civico (Fondo Teatro, Sociale, Fondo Società Corale Varesina,, Raccolta Museo), Viale XXV Aprile 28, I-21100 Varese., Regione Lombardia</subfield>
         </datafield>
      </record>