
      <record>
         <leader>00000nz  a2200169   4500</leader>
         <controlfield tag="001">30005529</controlfield>
         <controlfield tag="003">RISM</controlfield>
         <controlfield tag="005">20160216</controlfield>
         <controlfield tag="008">160216n||az|||||||##########||||||||||||</controlfield>
         <datafield tag="040" ind1=" " ind2=" ">
            <subfield code="a">I-Vasp</subfield>
         </datafield>
         <datafield tag="043" ind1=" " ind2=" ">
            <subfield code="c">XA-IT</subfield>
         </datafield>
         <datafield tag="110" ind1="2" ind2=" ">
            <subfield code="a">Biblioteca annessa All'Archivio Storico del Patriarcato (con Archivio Capitolare)</subfield>
            <subfield code="c">Venezia</subfield>
            <subfield code="g">I-Vasp</subfield>
         </datafield>
         <datafield tag="410" ind1="2" ind2=" ">
            <subfield code="a">Archivio Storico Patriarcale (con Archivio Capitolare)</subfield>
         </datafield>
         <datafield tag="622" ind1=" " ind2=" ">
            <subfield code="e">Biblioteca annessa All'Archivio Storico, del Patriarcato (con Archivio, Capitolare), Curia di Venezia, I-30121 Venezia., Regione Veneto</subfield>
         </datafield>
      </record>