
      <record>
         <leader>00000nz  a2200169   4500</leader>
         <controlfield tag="001">30077138</controlfield>
         <controlfield tag="003">RISM</controlfield>
         <controlfield tag="005">20160216</controlfield>
         <controlfield tag="008">160216n||az|||||||##########||||||||||||</controlfield>
         <datafield tag="040" ind1=" " ind2=" ">
            <subfield code="a">I-Vavb</subfield>
         </datafield>
         <datafield tag="043" ind1=" " ind2=" ">
            <subfield code="c">XA-IT</subfield>
         </datafield>
         <datafield tag="110" ind1="2" ind2=" ">
            <subfield code="a">Ateneo Veneto, biblioteca</subfield>
            <subfield code="c">Venezia</subfield>
            <subfield code="g">I-Vavb</subfield>
         </datafield>
         <datafield tag="622" ind1=" " ind2=" ">
            <subfield code="e">Ateneo Veneto, biblioteca, Campo San Fantin, 1897, 30124 Venezia, Italy</subfield>
            <subfield code="u">http://www.ateneoveneto.org/</subfield>
         </datafield>
      </record>