
      <record>
         <leader>00000nz  a2200169   4500</leader>
         <controlfield tag="001">30076368</controlfield>
         <controlfield tag="003">RISM</controlfield>
         <controlfield tag="005">20160216</controlfield>
         <controlfield tag="008">160216n||az|||||||##########||||||||||||</controlfield>
         <datafield tag="040" ind1=" " ind2=" ">
            <subfield code="a">I-VBap</subfield>
         </datafield>
         <datafield tag="043" ind1=" " ind2=" ">
            <subfield code="c">XA-IT</subfield>
         </datafield>
         <datafield tag="110" ind1="2" ind2=" ">
            <subfield code="a">Archivio della Parrocchia di Santo Stefano</subfield>
            <subfield code="c">Villabassa</subfield>
            <subfield code="g">I-VBap</subfield>
         </datafield>
         <datafield tag="410" ind1="2" ind2=" ">
            <subfield code="a">Archiv der Pfarrkirche zum Heiligen Stephanus</subfield>
         </datafield>
         <datafield tag="622" ind1=" " ind2=" ">
            <subfield code="e">Archivio della Parrocchia di Santo,  Stefano, Museo Wassermann del turismo, Via Hans Wassermann, 3, 39039 Villabassa (BZ), Italy</subfield>
         </datafield>
      </record>