
      <record>
         <leader>00000nz  a2200169   4500</leader>
         <controlfield tag="001">30001975</controlfield>
         <controlfield tag="003">RISM</controlfield>
         <controlfield tag="005">20160216</controlfield>
         <controlfield tag="008">160216n||az|||||||##########||||||||||||</controlfield>
         <datafield tag="040" ind1=" " ind2=" ">
            <subfield code="a">I-Vc</subfield>
         </datafield>
         <datafield tag="043" ind1=" " ind2=" ">
            <subfield code="c">XA-IT</subfield>
         </datafield>
         <datafield tag="110" ind1="2" ind2=" ">
            <subfield code="a">Biblioteca del Conservatorio di Musica Benedetto Marcello</subfield>
            <subfield code="c">Venezia</subfield>
            <subfield code="g">I-Vc</subfield>
         </datafield>
         <datafield tag="622" ind1=" " ind2=" ">
            <subfield code="e">Biblioteca del Conservatorio di Musica,  Benedetto Marcello, Sestiere di San Marco, 2810, 30124 Venezia (VE), Italy</subfield>
            <subfield code="u">http://www.conservatoriovenezia.net/portale/index.php/it/</subfield>
         </datafield>
         <datafield tag="710" ind1="2" ind2=" ">
            <subfield code="a">Archivio dell'Ospedaletto</subfield>
            <subfield code="0">30003118</subfield>
         </datafield>
      </record>