
      <record>
         <leader>00000nz  a2200169   4500</leader>
         <controlfield tag="001">30005009</controlfield>
         <controlfield tag="003">RISM</controlfield>
         <controlfield tag="005">20160216</controlfield>
         <controlfield tag="008">160216n||az|||||||##########||||||||||||</controlfield>
         <datafield tag="040" ind1=" " ind2=" ">
            <subfield code="a">I-VCa</subfield>
         </datafield>
         <datafield tag="043" ind1=" " ind2=" ">
            <subfield code="c">XA-IT</subfield>
         </datafield>
         <datafield tag="110" ind1="2" ind2=" ">
            <subfield code="a">Biblioteca Agnesiana e Diocesana</subfield>
            <subfield code="c">Vercelli</subfield>
            <subfield code="g">I-VCa</subfield>
         </datafield>
         <datafield tag="410" ind1="2" ind2=" ">
            <subfield code="a">Biblioteca Agnesiana</subfield>
         </datafield>
         <datafield tag="622" ind1=" " ind2=" ">
            <subfield code="e">Biblioteca Agnesiana e Diocesana, Piazza S. Eusebio 10, I-13100 Vercelli., Regione Piemonte</subfield>
         </datafield>
      </record>