
      <record>
         <leader>00000nz  a2200169   4500</leader>
         <controlfield tag="001">30001987</controlfield>
         <controlfield tag="003">RISM</controlfield>
         <controlfield tag="005">20160216</controlfield>
         <controlfield tag="008">160216n||az|||||||##########||||||||||||</controlfield>
         <datafield tag="040" ind1=" " ind2=" ">
            <subfield code="a">I-VCc</subfield>
         </datafield>
         <datafield tag="043" ind1=" " ind2=" ">
            <subfield code="c">XA-IT</subfield>
         </datafield>
         <datafield tag="110" ind1="2" ind2=" ">
            <subfield code="a">Biblioteca civica e Archivio</subfield>
            <subfield code="c">Vercelli</subfield>
            <subfield code="g">I-VCc</subfield>
         </datafield>
         <datafield tag="622" ind1=" " ind2=" ">
            <subfield code="e">Biblioteca civica e Archivio, Via A. G. Cagna, 8, 13100 Vercelli (VC), Italy</subfield>
            <subfield code="u">http://www.comune.vercelli.it/cms/it/biblioteca-cenni-storici.html?Itemid=529</subfield>
         </datafield>
      </record>