
      <record>
         <leader>00000nz  a2200169   4500</leader>
         <controlfield tag="001">30001988</controlfield>
         <controlfield tag="003">RISM</controlfield>
         <controlfield tag="005">20160216</controlfield>
         <controlfield tag="008">160216n||az|||||||##########||||||||||||</controlfield>
         <datafield tag="040" ind1=" " ind2=" ">
            <subfield code="a">I-VCd</subfield>
         </datafield>
         <datafield tag="043" ind1=" " ind2=" ">
            <subfield code="c">XA-IT</subfield>
         </datafield>
         <datafield tag="110" ind1="2" ind2=" ">
            <subfield code="a">Archivio e Biblioteca capitolare del Duomo di S. Eusebio</subfield>
            <subfield code="c">Vercelli</subfield>
            <subfield code="g">I-VCd</subfield>
         </datafield>
         <datafield tag="410" ind1="2" ind2=" ">
            <subfield code="a">Archivio arcivescovile</subfield>
         </datafield>
         <datafield tag="622" ind1=" " ind2=" ">
            <subfield code="e">Archivio e Biblioteca capitolare del,  Duomo di S. Eusebio, Piazza Alessandro d'Angennes, 3, 13100 Vercelli (VC), Italy</subfield>
            <subfield code="u">http://www.tesorodelduomovc.it/archivio/index.html</subfield>
         </datafield>
      </record>