
      <record>
         <leader>00000nz  a2200169   4500</leader>
         <controlfield tag="001">30001976</controlfield>
         <controlfield tag="003">RISM</controlfield>
         <controlfield tag="005">20160216</controlfield>
         <controlfield tag="008">160216n||az|||||||##########||||||||||||</controlfield>
         <datafield tag="040" ind1=" " ind2=" ">
            <subfield code="a">I-Vcg</subfield>
         </datafield>
         <datafield tag="043" ind1=" " ind2=" ">
            <subfield code="c">XA-IT</subfield>
         </datafield>
         <datafield tag="110" ind1="2" ind2=" ">
            <subfield code="a">Biblioteca di Studi Teatrali della Casa di Carlo Goldoni</subfield>
            <subfield code="c">Venezia</subfield>
            <subfield code="g">I-Vcg</subfield>
         </datafield>
         <datafield tag="622" ind1=" " ind2=" ">
            <subfield code="e">Biblioteca di Studi Teatrali della Casa,  di Carlo Goldoni, San Polo, 2794, 30125 Venezia (VE), Italy</subfield>
            <subfield code="u">http://carlogoldoni.visitmuve.it/it/il-museo/servizi-agli-studiosi/servizi-scientifici-3/</subfield>
         </datafield>
      </record>