
      <record>
         <leader>00000nz  a2200169   4500</leader>
         <controlfield tag="001">30005010</controlfield>
         <controlfield tag="003">RISM</controlfield>
         <controlfield tag="005">20160216</controlfield>
         <controlfield tag="008">160216n||az|||||||##########||||||||||||</controlfield>
         <datafield tag="040" ind1=" " ind2=" ">
            <subfield code="a">I-VCsc</subfield>
         </datafield>
         <datafield tag="043" ind1=" " ind2=" ">
            <subfield code="c">XA-IT</subfield>
         </datafield>
         <datafield tag="110" ind1="2" ind2=" ">
            <subfield code="a">S. Chiara, Archivio</subfield>
            <subfield code="c">Vercelli</subfield>
            <subfield code="g">I-VCsc</subfield>
         </datafield>
         <datafield tag="622" ind1=" " ind2=" ">
            <subfield code="e">S. Chiara, Archivio, Via Feliciano di Cattarina 10, I-13100, Vercelli. Regione Piemonte</subfield>
         </datafield>
      </record>