
      <record>
         <leader>00000nz  a2200169   4500</leader>
         <controlfield tag="001">30001990</controlfield>
         <controlfield tag="003">RISM</controlfield>
         <controlfield tag="005">20160216</controlfield>
         <controlfield tag="008">160216n||az|||||||##########||||||||||||</controlfield>
         <datafield tag="040" ind1=" " ind2=" ">
            <subfield code="a">I-VD</subfield>
         </datafield>
         <datafield tag="043" ind1=" " ind2=" ">
            <subfield code="c">XA-IT</subfield>
         </datafield>
         <datafield tag="110" ind1="2" ind2=" ">
            <subfield code="a">Biblioteca comunale Luigi Parazzi</subfield>
            <subfield code="c">Viadana</subfield>
            <subfield code="g">I-VD</subfield>
         </datafield>
         <datafield tag="622" ind1=" " ind2=" ">
            <subfield code="e">Biblioteca comunale Luigi Parazzi, Via Manzoni, 2, 46019 Viadana (MN), Italy</subfield>
            <subfield code="u">http://www.comune.viadana.mn.it/?q=content/ufficio_biblioteca-comunale</subfield>
         </datafield>
      </record>