
      <record>
         <leader>00000nz  a2200169   4500</leader>
         <controlfield tag="001">30005005</controlfield>
         <controlfield tag="003">RISM</controlfield>
         <controlfield tag="005">20160216</controlfield>
         <controlfield tag="008">160216n||az|||||||##########||||||||||||</controlfield>
         <datafield tag="040" ind1=" " ind2=" ">
            <subfield code="a">I-VDAmelzi</subfield>
         </datafield>
         <datafield tag="043" ind1=" " ind2=" ">
            <subfield code="c">XA-IT</subfield>
         </datafield>
         <datafield tag="110" ind1="2" ind2=" ">
            <subfield code="a">Biblioteca privata Melzi d'Eril</subfield>
            <subfield code="c">Vaprio d'Adda</subfield>
            <subfield code="g">I-VDAmelzi</subfield>
         </datafield>
         <datafield tag="410" ind1="2" ind2=" ">
            <subfield code="a">Archivio privato Melzi d'Eril</subfield>
         </datafield>
         <datafield tag="622" ind1=" " ind2=" ">
            <subfield code="e">Biblioteca privata Melzi d'Eril, Via Motta 10, I-20069 Vaprio d'Adda, (MI). Regione Lombardia</subfield>
         </datafield>
      </record>