
      <record>
         <leader>00000nz  a2200169   4500</leader>
         <controlfield tag="001">30001994</controlfield>
         <controlfield tag="003">RISM</controlfield>
         <controlfield tag="005">20160216</controlfield>
         <controlfield tag="008">160216n||az|||||||##########||||||||||||</controlfield>
         <datafield tag="040" ind1=" " ind2=" ">
            <subfield code="a">I-VEcap</subfield>
         </datafield>
         <datafield tag="043" ind1=" " ind2=" ">
            <subfield code="c">XA-IT</subfield>
         </datafield>
         <datafield tag="110" ind1="2" ind2=" ">
            <subfield code="a">Biblioteca capitolare</subfield>
            <subfield code="c">Verona</subfield>
            <subfield code="g">I-VEcap</subfield>
         </datafield>
         <datafield tag="622" ind1=" " ind2=" ">
            <subfield code="e">Biblioteca capitolare, Piazza Duomo, 19, 37121 Verona (VR), Italy</subfield>
            <subfield code="u">http://www.cattedralediverona.it/Biblioteca%20Capitolare.html</subfield>
         </datafield>
      </record>