
      <record>
         <leader>00000nz  a2200169   4500</leader>
         <controlfield tag="001">30080402</controlfield>
         <controlfield tag="003">RISM</controlfield>
         <controlfield tag="005">20160216</controlfield>
         <controlfield tag="008">160216n||az|||||||##########||||||||||||</controlfield>
         <datafield tag="040" ind1=" " ind2=" ">
            <subfield code="a">I-VELmd</subfield>
         </datafield>
         <datafield tag="043" ind1=" " ind2=" ">
            <subfield code="c">XA-IT</subfield>
         </datafield>
         <datafield tag="110" ind1="2" ind2=" ">
            <subfield code="a">Museo diocesano</subfield>
            <subfield code="c">Velletri</subfield>
            <subfield code="g">I-VELmd</subfield>
         </datafield>
         <datafield tag="622" ind1=" " ind2=" ">
            <subfield code="e">Museo diocesano, Corso della Repubblica, 347, 00049 Velletri (RM), Italy</subfield>
            <subfield code="u">http://www.velletrimusei.it/museo_diocesano.php</subfield>
         </datafield>
      </record>