
      <record>
         <leader>00000nz  a2200169   4500</leader>
         <controlfield tag="001">30005527</controlfield>
         <controlfield tag="003">RISM</controlfield>
         <controlfield tag="005">20160216</controlfield>
         <controlfield tag="008">160216n||az|||||||##########||||||||||||</controlfield>
         <datafield tag="040" ind1=" " ind2=" ">
            <subfield code="a">I-VENsl</subfield>
         </datafield>
         <datafield tag="043" ind1=" " ind2=" ">
            <subfield code="c">XA-IT</subfield>
         </datafield>
         <datafield tag="110" ind1="2" ind2=" ">
            <subfield code="a">Chiesa di San Lorenzo di Muggiasca, Archivio</subfield>
            <subfield code="c">Vendrogno</subfield>
            <subfield code="g">I-VENsl</subfield>
         </datafield>
         <datafield tag="410" ind1="2" ind2=" ">
            <subfield code="a">Chiesa di San Lorenzo, Archivio</subfield>
         </datafield>
         <datafield tag="622" ind1=" " ind2=" ">
            <subfield code="e">Chiesa di San Lorenzo di Muggiasca,, Archivio, Via Parrocchiale 4, I-22050 Vendrogno, (CO). Regione Lombardia</subfield>
         </datafield>
      </record>