
      <record>
         <leader>00000nz  a2200169   4500</leader>
         <controlfield tag="001">30005582</controlfield>
         <controlfield tag="003">RISM</controlfield>
         <controlfield tag="005">20160216</controlfield>
         <controlfield tag="008">160216n||az|||||||##########||||||||||||</controlfield>
         <datafield tag="040" ind1=" " ind2=" ">
            <subfield code="a">I-VEsb</subfield>
         </datafield>
         <datafield tag="043" ind1=" " ind2=" ">
            <subfield code="c">XA-IT</subfield>
         </datafield>
         <datafield tag="110" ind1="2" ind2=" ">
            <subfield code="a">Biblioteca dei Minori Francescani di S. Bernardino</subfield>
            <subfield code="c">Verona</subfield>
            <subfield code="g">I-VEsb</subfield>
         </datafield>
         <datafield tag="410" ind1="2" ind2=" ">
            <subfield code="a">Archivio dei Minori Francescani di S. Bernardino</subfield>
         </datafield>
         <datafield tag="410" ind1="2" ind2=" ">
            <subfield code="a">Chiesa di S. Bernardino, Archivio</subfield>
         </datafield>
         <datafield tag="622" ind1=" " ind2=" ">
            <subfield code="e">Biblioteca dei Minori Francescani di S., Bernardino, Strada Provolo, I-37123 Verona. Regione, Veneto</subfield>
         </datafield>
      </record>