
      <record>
         <leader>00000nz  a2200169   4500</leader>
         <controlfield tag="001">30001995</controlfield>
         <controlfield tag="003">RISM</controlfield>
         <controlfield tag="005">20160216</controlfield>
         <controlfield tag="008">160216n||az|||||||##########||||||||||||</controlfield>
         <datafield tag="040" ind1=" " ind2=" ">
            <subfield code="a">I-VEsg</subfield>
         </datafield>
         <datafield tag="043" ind1=" " ind2=" ">
            <subfield code="c">XA-IT</subfield>
         </datafield>
         <datafield tag="110" ind1="2" ind2=" ">
            <subfield code="a">Archivio di S. Giorgio in Braida</subfield>
            <subfield code="c">Verona</subfield>
            <subfield code="g">I-VEsg</subfield>
         </datafield>
         <datafield tag="622" ind1=" " ind2=" ">
            <subfield code="e">Archivio di S. Giorgio in Braida, Piazzetta S. Giorgio, 7, 37129 Verona (VR), Italy</subfield>
         </datafield>
      </record>