
      <record>
         <leader>00000nz  a2200169   4500</leader>
         <controlfield tag="001">30006632</controlfield>
         <controlfield tag="003">RISM</controlfield>
         <controlfield tag="005">20160216</controlfield>
         <controlfield tag="008">160216n||az|||||||##########||||||||||||</controlfield>
         <datafield tag="040" ind1=" " ind2=" ">
            <subfield code="a">I-VF</subfield>
         </datafield>
         <datafield tag="043" ind1=" " ind2=" ">
            <subfield code="c">XA-IT</subfield>
         </datafield>
         <datafield tag="110" ind1="2" ind2=" ">
            <subfield code="a">Ladinisches Kulturinstitut</subfield>
            <subfield code="c">Vigo di Fassa</subfield>
            <subfield code="g">I-VF</subfield>
         </datafield>
         <datafield tag="622" ind1=" " ind2=" ">
            <subfield code="e">Ladinisches Kulturinstitut, Via della Chiesa, I-38039 Vigo di Fassa</subfield>
            <subfield code="u">http://www.istladin.net</subfield>
         </datafield>
      </record>