
      <record>
         <leader>00000nz  a2200169   4500</leader>
         <controlfield tag="001">30003124</controlfield>
         <controlfield tag="003">RISM</controlfield>
         <controlfield tag="005">20160216</controlfield>
         <controlfield tag="008">160216n||az|||||||##########||||||||||||</controlfield>
         <datafield tag="040" ind1=" " ind2=" ">
            <subfield code="a">I-VG</subfield>
         </datafield>
         <datafield tag="043" ind1=" " ind2=" ">
            <subfield code="c">XA-IT</subfield>
         </datafield>
         <datafield tag="110" ind1="2" ind2=" ">
            <subfield code="a">Archivio parrocchiale di S. Lorenzo Martire (Duomo)</subfield>
            <subfield code="c">Voghera</subfield>
            <subfield code="g">I-VG</subfield>
         </datafield>
         <datafield tag="410" ind1="2" ind2=" ">
            <subfield code="a">Archivio della Collegiata di S. Lorenzo</subfield>
         </datafield>
         <datafield tag="622" ind1=" " ind2=" ">
            <subfield code="e">Archivio parrocchiale di S. Lorenzo,  Martire (Duomo), Piazza Duomo, 27058 Voghera (PV), Italy</subfield>
         </datafield>
      </record>