
      <record>
         <leader>00000nz  a2200169   4500</leader>
         <controlfield tag="001">30001978</controlfield>
         <controlfield tag="003">RISM</controlfield>
         <controlfield tag="005">20160216</controlfield>
         <controlfield tag="008">160216n||az|||||||##########||||||||||||</controlfield>
         <datafield tag="040" ind1=" " ind2=" ">
            <subfield code="a">I-Vgc</subfield>
         </datafield>
         <datafield tag="043" ind1=" " ind2=" ">
            <subfield code="c">XA-IT</subfield>
         </datafield>
         <datafield tag="110" ind1="2" ind2=" ">
            <subfield code="a">Biblioteca della Fondazione Giorgio Cini</subfield>
            <subfield code="c">Venezia</subfield>
            <subfield code="g">I-Vgc</subfield>
         </datafield>
         <datafield tag="622" ind1=" " ind2=" ">
            <subfield code="e">Biblioteca della Fondazione Giorgio Cini, Isola di San Giorgio Maggiore, 30124 Venezia (VE), Italy</subfield>
            <subfield code="u">http://www.cini.it/biblioteche</subfield>
         </datafield>
      </record>