
      <record>
         <leader>00000nz  a2200169   4500</leader>
         <controlfield tag="001">30005543</controlfield>
         <controlfield tag="003">RISM</controlfield>
         <controlfield tag="005">20160216</controlfield>
         <controlfield tag="008">160216n||az|||||||##########||||||||||||</controlfield>
         <datafield tag="040" ind1=" " ind2=" ">
            <subfield code="a">I-VIc</subfield>
         </datafield>
         <datafield tag="043" ind1=" " ind2=" ">
            <subfield code="c">XA-IT</subfield>
         </datafield>
         <datafield tag="110" ind1="2" ind2=" ">
            <subfield code="a">Biblioteca del Conservatorio di Musica di Vicenza Arrigo Pedrollo</subfield>
            <subfield code="c">Vicenza</subfield>
            <subfield code="g">I-VIc</subfield>
         </datafield>
         <datafield tag="622" ind1=" " ind2=" ">
            <subfield code="e">Biblioteca del Conservatorio di Musica,  di Vicenza Arrigo Pedrollo, Contrà San Domenico, 33/35b, 36100 Vicenza (VI), Italy</subfield>
            <subfield code="u">http://www.consvi.it/biblioteca.html</subfield>
         </datafield>
      </record>