
      <record>
         <leader>00000nz  a2200169   4500</leader>
         <controlfield tag="001">30003548</controlfield>
         <controlfield tag="003">RISM</controlfield>
         <controlfield tag="005">20160216</controlfield>
         <controlfield tag="008">160216n||az|||||||##########||||||||||||</controlfield>
         <datafield tag="040" ind1=" " ind2=" ">
            <subfield code="a">I-VIGsa</subfield>
         </datafield>
         <datafield tag="043" ind1=" " ind2=" ">
            <subfield code="c">XA-IT</subfield>
         </datafield>
         <datafield tag="110" ind1="2" ind2=" ">
            <subfield code="a">Biblioteca Archivio storico capitolare</subfield>
            <subfield code="c">Vigevano</subfield>
            <subfield code="g">I-VIGsa</subfield>
         </datafield>
         <datafield tag="410" ind1="2" ind2=" ">
            <subfield code="a">Biblioteca del Capitolo della Cattedrale di S. Ambrogio</subfield>
         </datafield>
         <datafield tag="622" ind1=" " ind2=" ">
            <subfield code="e">Biblioteca Archivio storico capitolare, Via S. Ambrogio, 14, 27029 Vigevano (PV), Italy</subfield>
         </datafield>
      </record>