
      <record>
         <leader>00000nz  a2200169   4500</leader>
         <controlfield tag="001">30003549</controlfield>
         <controlfield tag="003">RISM</controlfield>
         <controlfield tag="005">20160216</controlfield>
         <controlfield tag="008">160216n||az|||||||##########||||||||||||</controlfield>
         <datafield tag="040" ind1=" " ind2=" ">
            <subfield code="a">I-VIGsi</subfield>
         </datafield>
         <datafield tag="043" ind1=" " ind2=" ">
            <subfield code="c">XA-IT</subfield>
         </datafield>
         <datafield tag="110" ind1="2" ind2=" ">
            <subfield code="a">S. Ignazio, Biblioteca</subfield>
            <subfield code="c">Vigevano</subfield>
            <subfield code="g">I-VIGsi</subfield>
         </datafield>
         <datafield tag="410" ind1="2" ind2=" ">
            <subfield code="a">Vigévano, S Ignazio</subfield>
         </datafield>
         <datafield tag="410" ind1="2" ind2=" ">
            <subfield code="a">Biblioteca di S. Ignazio</subfield>
         </datafield>
         <datafield tag="622" ind1=" " ind2=" ">
            <subfield code="e">S. Ignazio, Biblioteca, Seminario Vescovile, Vicolo Seminario,, I-27029 Vigevano (PV). Regione Lombardia</subfield>
         </datafield>
      </record>