
      <record>
         <leader>00000nz  a2200169   4500</leader>
         <controlfield tag="001">30003550</controlfield>
         <controlfield tag="003">RISM</controlfield>
         <controlfield tag="005">20160216</controlfield>
         <controlfield tag="008">160216n||az|||||||##########||||||||||||</controlfield>
         <datafield tag="040" ind1=" " ind2=" ">
            <subfield code="a">I-VIM</subfield>
         </datafield>
         <datafield tag="043" ind1=" " ind2=" ">
            <subfield code="c">XA-IT</subfield>
         </datafield>
         <datafield tag="110" ind1="2" ind2=" ">
            <subfield code="a">Parrocchia Santo Stefano, Archivio Plebano</subfield>
            <subfield code="c">Vimercate</subfield>
            <subfield code="g">I-VIM</subfield>
         </datafield>
         <datafield tag="410" ind1="2" ind2=" ">
            <subfield code="a">Archivio della Parrocchia Prepositurale di S. Stefano</subfield>
         </datafield>
         <datafield tag="622" ind1=" " ind2=" ">
            <subfield code="e">Parrocchia Santo Stefano, Archivio,  Plebano, via De Castilia, 2, 20871 Vimercate, Italy</subfield>
            <subfield code="u">http://www.iqt.it/parrocchia/doc/sto1_archivio.htm</subfield>
         </datafield>
      </record>