
      <record>
         <leader>00000nz  a2200169   4500</leader>
         <controlfield tag="001">30003547</controlfield>
         <controlfield tag="003">RISM</controlfield>
         <controlfield tag="005">20160216</controlfield>
         <controlfield tag="008">160216n||az|||||||##########||||||||||||</controlfield>
         <datafield tag="040" ind1=" " ind2=" ">
            <subfield code="a">I-VImr</subfield>
         </datafield>
         <datafield tag="043" ind1=" " ind2=" ">
            <subfield code="c">XA-IT</subfield>
         </datafield>
         <datafield tag="110" ind1="2" ind2=" ">
            <subfield code="a">Museo del Risorgimento e della Resistenza, Biblioteca</subfield>
            <subfield code="c">Vicenza</subfield>
            <subfield code="g">I-VImr</subfield>
         </datafield>
         <datafield tag="410" ind1="2" ind2=" ">
            <subfield code="a">Biblioteca Fantoni</subfield>
         </datafield>
         <datafield tag="410" ind1="2" ind2=" ">
            <subfield code="a">Museo del Risorgimento</subfield>
         </datafield>
         <datafield tag="622" ind1=" " ind2=" ">
            <subfield code="e">Museo del Risorgimento e della, Resistenza, Biblioteca, Villa Giuccioli, Viale X Giugno 115, I, -36100 Vicenza. Regione Veneto</subfield>
         </datafield>
      </record>