
      <record>
         <leader>00000nz  a2200169   4500</leader>
         <controlfield tag="001">30003647</controlfield>
         <controlfield tag="003">RISM</controlfield>
         <controlfield tag="005">20160216</controlfield>
         <controlfield tag="008">160216n||az|||||||##########||||||||||||</controlfield>
         <datafield tag="040" ind1=" " ind2=" ">
            <subfield code="a">I-VIof</subfield>
         </datafield>
         <datafield tag="043" ind1=" " ind2=" ">
            <subfield code="c">XA-IT</subfield>
         </datafield>
         <datafield tag="110" ind1="2" ind2=" ">
            <subfield code="a">Biblioteca della Congregazione dell'Oratorio di S. Filippo Neri</subfield>
            <subfield code="c">Vicenza</subfield>
            <subfield code="g">I-VIof</subfield>
         </datafield>
         <datafield tag="622" ind1=" " ind2=" ">
            <subfield code="e">Biblioteca della Congregazione,  dell'Oratorio di S. Filippo Neri, Via Filippini, 2, 36100 Vicenza (VI), Italy</subfield>
            <subfield code="u">http://www.oratoriosanfilippo.org/congr/vicenza.htm</subfield>
         </datafield>
      </record>