
      <record>
         <leader>00000nz  a2200169   4500</leader>
         <controlfield tag="001">30077250</controlfield>
         <controlfield tag="003">RISM</controlfield>
         <controlfield tag="005">20160216</controlfield>
         <controlfield tag="008">160216n||az|||||||##########||||||||||||</controlfield>
         <datafield tag="040" ind1=" " ind2=" ">
            <subfield code="a">I-VIP</subfield>
         </datafield>
         <datafield tag="043" ind1=" " ind2=" ">
            <subfield code="c">XA-IT</subfield>
         </datafield>
         <datafield tag="110" ind1="2" ind2=" ">
            <subfield code="a">Biblioteca del Convento dei Cappuccini</subfield>
            <subfield code="c">Vipiteno</subfield>
            <subfield code="g">I-VIP</subfield>
         </datafield>
         <datafield tag="410" ind1="2" ind2=" ">
            <subfield code="a">Bibliothek des Kapuzinerklosters</subfield>
         </datafield>
         <datafield tag="580" ind1=" " ind2=" ">
            <subfield code="x">I-BREcc</subfield>
            <subfield code="0">30077302</subfield>
         </datafield>
      </record>