
      <record>
         <leader>00000nz  a2200169   4500</leader>
         <controlfield tag="001">30077245</controlfield>
         <controlfield tag="003">RISM</controlfield>
         <controlfield tag="005">20160216</controlfield>
         <controlfield tag="008">160216n||az|||||||##########||||||||||||</controlfield>
         <datafield tag="040" ind1=" " ind2=" ">
            <subfield code="a">I-VIPap</subfield>
         </datafield>
         <datafield tag="043" ind1=" " ind2=" ">
            <subfield code="c">XA-IT</subfield>
         </datafield>
         <datafield tag="110" ind1="2" ind2=" ">
            <subfield code="a">Archivio della Chiesa Parrocchiale Madonna della Palude</subfield>
            <subfield code="c">Vipiteno</subfield>
            <subfield code="g">I-VIPap</subfield>
         </datafield>
         <datafield tag="410" ind1="2" ind2=" ">
            <subfield code="a">Pfarr- und Musikarchiv der Pfarrkirche Maria im Moos</subfield>
         </datafield>
         <datafield tag="622" ind1=" " ind2=" ">
            <subfield code="e">Archivio della Chiesa Parrocchiale, Madonna della Palude, Via Alta, 20, 39049 Vipiteno (BZ), Italy</subfield>
         </datafield>
      </record>