
      <record>
         <leader>00000nz  a2200169   4500</leader>
         <controlfield tag="001">30077249</controlfield>
         <controlfield tag="003">RISM</controlfield>
         <controlfield tag="005">20160216</controlfield>
         <controlfield tag="008">160216n||az|||||||##########||||||||||||</controlfield>
         <datafield tag="040" ind1=" " ind2=" ">
            <subfield code="a">I-VIPcap</subfield>
         </datafield>
         <datafield tag="043" ind1=" " ind2=" ">
            <subfield code="c">XA-IT</subfield>
         </datafield>
         <datafield tag="110" ind1="2" ind2=" ">
            <subfield code="a">Biblioteca capitolare della Chiesa di Santa Margherita</subfield>
            <subfield code="c">Vipiteno</subfield>
            <subfield code="g">I-VIPcap</subfield>
         </datafield>
         <datafield tag="410" ind1="2" ind2=" ">
            <subfield code="a">Kapitelbibliothek der St.-Margarethen-Kirche</subfield>
         </datafield>
         <datafield tag="622" ind1=" " ind2=" ">
            <subfield code="e">Biblioteca capitolare della Chiesa di,  Santa Margherita, Via S. Margherita, 5, 39049 Vipiteno (BZ), Italy</subfield>
         </datafield>
      </record>