
      <record>
         <leader>00000nz  a2200169   4500</leader>
         <controlfield tag="001">30003941</controlfield>
         <controlfield tag="003">RISM</controlfield>
         <controlfield tag="005">20160216</controlfield>
         <controlfield tag="008">160216n||az|||||||##########||||||||||||</controlfield>
         <datafield tag="040" ind1=" " ind2=" ">
            <subfield code="a">I-Vire</subfield>
         </datafield>
         <datafield tag="043" ind1=" " ind2=" ">
            <subfield code="c">XA-IT</subfield>
         </datafield>
         <datafield tag="110" ind1="2" ind2=" ">
            <subfield code="a">Istituzioni di Ricovero e di Educazione (IRE), Biblioteca e Archivio</subfield>
            <subfield code="c">Venezia</subfield>
            <subfield code="g">I-Vire</subfield>
         </datafield>
         <datafield tag="510" ind1="2" ind2=" ">
            <subfield code="a">Pia Casa di Ricovero</subfield>
         </datafield>
         <datafield tag="622" ind1=" " ind2=" ">
            <subfield code="e">Istituzioni di Ricovero e di Educazione,  (IRE), Biblioteca e Archivio, San Marco 2906, 30124 Venezia (VE), Italy</subfield>
            <subfield code="u">http://www.irevenezia.it</subfield>
         </datafield>
      </record>