
      <record>
         <leader>00000nz  a2200169   4500</leader>
         <controlfield tag="001">30001998</controlfield>
         <controlfield tag="003">RISM</controlfield>
         <controlfield tag="005">20160216</controlfield>
         <controlfield tag="008">160216n||az|||||||##########||||||||||||</controlfield>
         <datafield tag="040" ind1=" " ind2=" ">
            <subfield code="a">I-VIs</subfield>
         </datafield>
         <datafield tag="043" ind1=" " ind2=" ">
            <subfield code="c">XA-IT</subfield>
         </datafield>
         <datafield tag="110" ind1="2" ind2=" ">
            <subfield code="a">Biblioteca del Seminario vescovile</subfield>
            <subfield code="c">Vicenza</subfield>
            <subfield code="g">I-VIs</subfield>
         </datafield>
         <datafield tag="622" ind1=" " ind2=" ">
            <subfield code="e">Biblioteca del Seminario vescovile, Borgo Santa Lucia, 43, 36100 Vicenza (VI), Italy</subfield>
            <subfield code="u">http://goo.gl/7UiWr1</subfield>
         </datafield>
      </record>