
      <record>
         <leader>00000nz  a2200169   4500</leader>
         <controlfield tag="001">30005926</controlfield>
         <controlfield tag="003">RISM</controlfield>
         <controlfield tag="005">20160216</controlfield>
         <controlfield tag="008">160216n||az|||||||##########||||||||||||</controlfield>
         <datafield tag="040" ind1=" " ind2=" ">
            <subfield code="a">I-VIVs</subfield>
         </datafield>
         <datafield tag="043" ind1=" " ind2=" ">
            <subfield code="c">XA-IT</subfield>
         </datafield>
         <datafield tag="110" ind1="2" ind2=" ">
            <subfield code="a">Biblioteca del Seminario</subfield>
            <subfield code="c">Vittorio Veneto</subfield>
            <subfield code="g">I-VIVs</subfield>
         </datafield>
         <datafield tag="622" ind1=" " ind2=" ">
            <subfield code="e">Biblioteca del Seminario, Largo del Seminario 2, I-31029 Vittorio, Veneto (TV). Regione Lazio</subfield>
         </datafield>
      </record>