
      <record>
         <leader>00000nz  a2200169   4500</leader>
         <controlfield tag="001">30001979</controlfield>
         <controlfield tag="003">RISM</controlfield>
         <controlfield tag="005">20160216</controlfield>
         <controlfield tag="008">160216n||az|||||||##########||||||||||||</controlfield>
         <datafield tag="040" ind1=" " ind2=" ">
            <subfield code="a">I-Vmarcello</subfield>
         </datafield>
         <datafield tag="043" ind1=" " ind2=" ">
            <subfield code="c">XA-IT</subfield>
         </datafield>
         <datafield tag="110" ind1="2" ind2=" ">
            <subfield code="a">Biblioteca privata Andrighetti Marcello</subfield>
            <subfield code="c">Venezia</subfield>
            <subfield code="g">I-Vmarcello</subfield>
         </datafield>
         <datafield tag="622" ind1=" " ind2=" ">
            <subfield code="e">Biblioteca privata Andrighetti Marcello, San Marco, 3666, 30124 Venezia (VE), Italy</subfield>
            <subfield code="u">http://www.nuovabibliotecamanoscritta.it/BAZMVe.html</subfield>
         </datafield>
      </record>