
      <record>
         <leader>00000nz  a2200169   4500</leader>
         <controlfield tag="001">30005532</controlfield>
         <controlfield tag="003">RISM</controlfield>
         <controlfield tag="005">20160216</controlfield>
         <controlfield tag="008">160216n||az|||||||##########||||||||||||</controlfield>
         <datafield tag="040" ind1=" " ind2=" ">
            <subfield code="a">I-Vmsm</subfield>
         </datafield>
         <datafield tag="043" ind1=" " ind2=" ">
            <subfield code="c">XA-IT</subfield>
         </datafield>
         <datafield tag="110" ind1="2" ind2=" ">
            <subfield code="a">Museo di S. Marco</subfield>
            <subfield code="c">Venezia</subfield>
            <subfield code="g">I-Vmsm</subfield>
         </datafield>
         <datafield tag="622" ind1=" " ind2=" ">
            <subfield code="e">Museo di S. Marco, Piazza S. Marco, I-30100 Venezia., Regione Veneto</subfield>
         </datafield>
      </record>