
      <record>
         <leader>00000nz  a2200169   4500</leader>
         <controlfield tag="001">30005008</controlfield>
         <controlfield tag="003">RISM</controlfield>
         <controlfield tag="005">20160216</controlfield>
         <controlfield tag="008">160216n||az|||||||##########||||||||||||</controlfield>
         <datafield tag="040" ind1=" " ind2=" ">
            <subfield code="a">I-VNGs</subfield>
         </datafield>
         <datafield tag="043" ind1=" " ind2=" ">
            <subfield code="c">XA-IT</subfield>
         </datafield>
         <datafield tag="110" ind1="2" ind2=" ">
            <subfield code="a">Seminario Arcivescovile di Milano, Biblioteca</subfield>
            <subfield code="c">Venegono Inferiore</subfield>
            <subfield code="g">I-VNGs</subfield>
         </datafield>
         <datafield tag="622" ind1=" " ind2=" ">
            <subfield code="e">Seminario Arcivescovile di Milano,, Biblioteca, Via Pio XI 32, I-21040 Venegono, Inferiore (VA). Regione Lombardia</subfield>
         </datafield>
      </record>