
      <record>
         <leader>00000nz  a2200169   4500</leader>
         <controlfield tag="001">30000170</controlfield>
         <controlfield tag="003">RISM</controlfield>
         <controlfield tag="005">20160216</controlfield>
         <controlfield tag="008">160216n||az|||||||##########||||||||||||</controlfield>
         <datafield tag="040" ind1=" " ind2=" ">
            <subfield code="a">I-Vnm</subfield>
         </datafield>
         <datafield tag="043" ind1=" " ind2=" ">
            <subfield code="c">XA-IT</subfield>
         </datafield>
         <datafield tag="110" ind1="2" ind2=" ">
            <subfield code="a">Biblioteca Nazionale Marciana</subfield>
            <subfield code="c">Venezia</subfield>
            <subfield code="g">I-Vnm</subfield>
         </datafield>
         <datafield tag="410" ind1="2" ind2=" ">
            <subfield code="a">Biblioteca di San Marco</subfield>
         </datafield>
         <datafield tag="622" ind1=" " ind2=" ">
            <subfield code="e">Biblioteca Nazionale Marciana, Piazzetta San Marco 7, 30124 Venezia, Italy</subfield>
            <subfield code="u">http://www.marciana.venezia.sbn.it/</subfield>
         </datafield>
      </record>