
      <record>
         <leader>00000nz  a2200169   4500</leader>
         <controlfield tag="001">30001999</controlfield>
         <controlfield tag="003">RISM</controlfield>
         <controlfield tag="005">20160216</controlfield>
         <controlfield tag="008">160216n||az|||||||##########||||||||||||</controlfield>
         <datafield tag="040" ind1=" " ind2=" ">
            <subfield code="a">I-VO</subfield>
         </datafield>
         <datafield tag="043" ind1=" " ind2=" ">
            <subfield code="c">XA-IT</subfield>
         </datafield>
         <datafield tag="110" ind1="2" ind2=" ">
            <subfield code="a">Biblioteca Guarnacci</subfield>
            <subfield code="c">Volterra</subfield>
            <subfield code="g">I-VO</subfield>
         </datafield>
         <datafield tag="622" ind1=" " ind2=" ">
            <subfield code="e">Biblioteca Guarnacci, Via Don Minzoni, 3, 56048 Volterra (PI), Italy</subfield>
            <subfield code="u">http://www.provolterra.it/biblioteca-guarnacci-volterra/</subfield>
         </datafield>
      </record>