
      <record>
         <leader>00000nz  a2200169   4500</leader>
         <controlfield tag="001">30001981</controlfield>
         <controlfield tag="003">RISM</controlfield>
         <controlfield tag="005">20160216</controlfield>
         <controlfield tag="008">160216n||az|||||||##########||||||||||||</controlfield>
         <datafield tag="040" ind1=" " ind2=" ">
            <subfield code="a">I-Vqs</subfield>
         </datafield>
         <datafield tag="043" ind1=" " ind2=" ">
            <subfield code="c">XA-IT</subfield>
         </datafield>
         <datafield tag="110" ind1="2" ind2=" ">
            <subfield code="a">Biblioteca della Fondazione Querini Stampalia</subfield>
            <subfield code="c">Venezia</subfield>
            <subfield code="g">I-Vqs</subfield>
         </datafield>
         <datafield tag="622" ind1=" " ind2=" ">
            <subfield code="e">Biblioteca della Fondazione Querini,  Stampalia, Castello, 5252, 30122 Venezia (VE), Italy</subfield>
            <subfield code="u">http://www.querinistampalia.it/</subfield>
         </datafield>
      </record>