
      <record>
         <leader>00000nz  a2200169   4500</leader>
         <controlfield tag="001">30005012</controlfield>
         <controlfield tag="003">RISM</controlfield>
         <controlfield tag="005">20160216</controlfield>
         <controlfield tag="008">160216n||az|||||||##########||||||||||||</controlfield>
         <datafield tag="040" ind1=" " ind2=" ">
            <subfield code="a">I-VRLc</subfield>
         </datafield>
         <datafield tag="043" ind1=" " ind2=" ">
            <subfield code="c">XA-IT</subfield>
         </datafield>
         <datafield tag="110" ind1="2" ind2=" ">
            <subfield code="a">Biblioteca Giovardiana</subfield>
            <subfield code="c">Veroli</subfield>
            <subfield code="g">I-VRLc</subfield>
         </datafield>
         <datafield tag="622" ind1=" " ind2=" ">
            <subfield code="e">Biblioteca Giovardiana, c/o Seminario, Largo Cesare Baronio, 1, 03029 Veroli (FR), Italy</subfield>
            <subfield code="u">http://www.comune.veroli.fr.it/visitare-veroli/biblioteche/biblioteca-giovardiana/</subfield>
         </datafield>
      </record>