
      <record>
         <leader>00000nz  a2200169   4500</leader>
         <controlfield tag="001">30005856</controlfield>
         <controlfield tag="003">RISM</controlfield>
         <controlfield tag="005">20160216</controlfield>
         <controlfield tag="008">160216n||az|||||||##########||||||||||||</controlfield>
         <datafield tag="040" ind1=" " ind2=" ">
            <subfield code="a">I-VRLmnc</subfield>
         </datafield>
         <datafield tag="043" ind1=" " ind2=" ">
            <subfield code="c">XA-IT</subfield>
         </datafield>
         <datafield tag="110" ind1="2" ind2=" ">
            <subfield code="a">Biblioteca statale del Monumento nazionale di Casamari</subfield>
            <subfield code="c">Veroli</subfield>
            <subfield code="g">I-VRLmnc</subfield>
         </datafield>
         <datafield tag="622" ind1=" " ind2=" ">
            <subfield code="e">Biblioteca statale del Monumento,  nazionale di Casamari, Via Maria, 25, 03020 Veroli (FR), Italy</subfield>
         </datafield>
      </record>