
      <record>
         <leader>00000nz  a2200169   4500</leader>
         <controlfield tag="001">30005011</controlfield>
         <controlfield tag="003">RISM</controlfield>
         <controlfield tag="005">20160216</controlfield>
         <controlfield tag="008">160216n||az|||||||##########||||||||||||</controlfield>
         <datafield tag="040" ind1=" " ind2=" ">
            <subfield code="a">I-VRNs</subfield>
         </datafield>
         <datafield tag="043" ind1=" " ind2=" ">
            <subfield code="c">XA-IT</subfield>
         </datafield>
         <datafield tag="110" ind1="2" ind2=" ">
            <subfield code="a">Santuario della Verna, Biblioteca</subfield>
            <subfield code="c">Chiusi della Verna</subfield>
            <subfield code="g">I-VRNs</subfield>
         </datafield>
         <datafield tag="410" ind1="2" ind2=" ">
            <subfield code="a">Santuario Francescano, Biblioteca</subfield>
         </datafield>
         <datafield tag="410" ind1="2" ind2=" ">
            <subfield code="a">Biblioteca del Seminario Francescano</subfield>
         </datafield>
         <datafield tag="622" ind1=" " ind2=" ">
            <subfield code="e">Santuario della Verna, Biblioteca, Via del Santuario Francescano, I-52010, Chiusi della Verna (AR). Regione Toscana</subfield>
         </datafield>
      </record>