
      <record>
         <leader>00000nz  a2200169   4500</leader>
         <controlfield tag="001">30005519</controlfield>
         <controlfield tag="003">RISM</controlfield>
         <controlfield tag="005">20160216</controlfield>
         <controlfield tag="008">160216n||az|||||||##########||||||||||||</controlfield>
         <datafield tag="040" ind1=" " ind2=" ">
            <subfield code="a">I-VSc</subfield>
         </datafield>
         <datafield tag="043" ind1=" " ind2=" ">
            <subfield code="c">XA-IT</subfield>
         </datafield>
         <datafield tag="110" ind1="2" ind2=" ">
            <subfield code="a">Biblioteca Civica Farinone-Centa</subfield>
            <subfield code="c">Varallo Sesia</subfield>
            <subfield code="g">I-VSc</subfield>
         </datafield>
         <datafield tag="410" ind1="2" ind2=" ">
            <subfield code="a">Biblioteca Comunale</subfield>
         </datafield>
         <datafield tag="622" ind1=" " ind2=" ">
            <subfield code="e">Biblioteca Civica Farinone-Centa, Piazza Boccioloni 3, I-13019 Varallo, Sesia (MI). Regione Piemonte</subfield>
         </datafield>
      </record>