
      <record>
         <leader>00000nz  a2200169   4500</leader>
         <controlfield tag="001">30001985</controlfield>
         <controlfield tag="003">RISM</controlfield>
         <controlfield tag="005">20160216</controlfield>
         <controlfield tag="008">160216n||az|||||||##########||||||||||||</controlfield>
         <datafield tag="040" ind1=" " ind2=" ">
            <subfield code="a">I-Vsmc</subfield>
         </datafield>
         <datafield tag="043" ind1=" " ind2=" ">
            <subfield code="c">XA-IT</subfield>
         </datafield>
         <datafield tag="110" ind1="2" ind2=" ">
            <subfield code="a">Chiesa di S. Maria della Consolazione (della Fava), Archivio</subfield>
            <subfield code="c">Venezia</subfield>
            <subfield code="g">I-Vsmc</subfield>
         </datafield>
         <datafield tag="410" ind1="2" ind2=" ">
            <subfield code="a">Padri redentoristi alla Fava</subfield>
         </datafield>
         <datafield tag="410" ind1="2" ind2=" ">
            <subfield code="a">Padri Filippini</subfield>
         </datafield>
         <datafield tag="622" ind1=" " ind2=" ">
            <subfield code="e">Chiesa di S. Maria della Consolazione, (della Fava), Archivio, Castello 5503, I-30122 Venezia. Regione, Veneto</subfield>
         </datafield>
      </record>