
      <record>
         <leader>00000nz  a2200169   4500</leader>
         <controlfield tag="001">30001986</controlfield>
         <controlfield tag="003">RISM</controlfield>
         <controlfield tag="005">20160216</controlfield>
         <controlfield tag="008">160216n||az|||||||##########||||||||||||</controlfield>
         <datafield tag="040" ind1=" " ind2=" ">
            <subfield code="a">I-Vt</subfield>
         </datafield>
         <datafield tag="043" ind1=" " ind2=" ">
            <subfield code="c">XA-IT</subfield>
         </datafield>
         <datafield tag="110" ind1="2" ind2=" ">
            <subfield code="a">Archivio storico e archivio musicale del Teatro La Fenice</subfield>
            <subfield code="c">Venezia</subfield>
            <subfield code="g">I-Vt</subfield>
         </datafield>
         <datafield tag="622" ind1=" " ind2=" ">
            <subfield code="e">Archivio storico e archivio musicale del,  Teatro La Fenice, Calle delle Colonne, 4391/A, 30124 Venezia (VE), Italy</subfield>
            <subfield code="u">http://www.teatrolafenice.it/site/index.php?pag=498</subfield>
         </datafield>
      </record>