
      <record>
         <leader>00000nz  a2200169   4500</leader>
         <controlfield tag="001">30002001</controlfield>
         <controlfield tag="003">RISM</controlfield>
         <controlfield tag="005">20160216</controlfield>
         <controlfield tag="008">160216n||az|||||||##########||||||||||||</controlfield>
         <datafield tag="040" ind1=" " ind2=" ">
            <subfield code="a">I-VTcerasa</subfield>
         </datafield>
         <datafield tag="043" ind1=" " ind2=" ">
            <subfield code="c">XA-IT</subfield>
         </datafield>
         <datafield tag="110" ind1="2" ind2=" ">
            <subfield code="a">Biblioteca privata Amedeo Cerasa</subfield>
            <subfield code="c">Viterbo</subfield>
            <subfield code="g">I-VTcerasa</subfield>
         </datafield>
         <datafield tag="580" ind1=" " ind2=" ">
            <subfield code="x">I-VTscm</subfield>
            <subfield code="0">30080407</subfield>
         </datafield>
      </record>