
      <record>
         <leader>00000nz  a2200169   4500</leader>
         <controlfield tag="001">30005925</controlfield>
         <controlfield tag="003">RISM</controlfield>
         <controlfield tag="005">20160216</controlfield>
         <controlfield tag="008">160216n||az|||||||##########||||||||||||</controlfield>
         <datafield tag="040" ind1=" " ind2=" ">
            <subfield code="a">I-VTcgb</subfield>
         </datafield>
         <datafield tag="043" ind1=" " ind2=" ">
            <subfield code="c">XA-IT</subfield>
         </datafield>
         <datafield tag="110" ind1="2" ind2=" ">
            <subfield code="a">Consorzio Gestione Biblioteche</subfield>
            <subfield code="c">Viterbo</subfield>
            <subfield code="g">I-VTcgb</subfield>
         </datafield>
         <datafield tag="622" ind1=" " ind2=" ">
            <subfield code="e">Consorzio Gestione Biblioteche, Viale Trento e Piazza Verdi, I-01100, Viterbo. Regione Lazio</subfield>
         </datafield>
      </record>