
      <record>
         <leader>00000nz  a2200169   4500</leader>
         <controlfield tag="001">30080404</controlfield>
         <controlfield tag="003">RISM</controlfield>
         <controlfield tag="005">20160216</controlfield>
         <controlfield tag="008">160216n||az|||||||##########||||||||||||</controlfield>
         <datafield tag="040" ind1=" " ind2=" ">
            <subfield code="a">I-VTcsf</subfield>
         </datafield>
         <datafield tag="043" ind1=" " ind2=" ">
            <subfield code="c">XA-IT</subfield>
         </datafield>
         <datafield tag="110" ind1="2" ind2=" ">
            <subfield code="a">Archivio del Convento di S. Francesco alla Rocca</subfield>
            <subfield code="c">Viterbo</subfield>
            <subfield code="g">I-VTcsf</subfield>
         </datafield>
         <datafield tag="622" ind1=" " ind2=" ">
            <subfield code="e">Archivio del Convento di S. Francesco,  alla Rocca, Piazza S. Francesco alla Rocca, 6, 01100 Viterbo (VT), Italy</subfield>
         </datafield>
      </record>