
      <record>
         <leader>00000nz  a2200169   4500</leader>
         <controlfield tag="001">30002003</controlfield>
         <controlfield tag="003">RISM</controlfield>
         <controlfield tag="005">20160216</controlfield>
         <controlfield tag="008">160216n||az|||||||##########||||||||||||</controlfield>
         <datafield tag="040" ind1=" " ind2=" ">
            <subfield code="a">I-VTM</subfield>
         </datafield>
         <datafield tag="043" ind1=" " ind2=" ">
            <subfield code="c">XA-IT</subfield>
         </datafield>
         <datafield tag="110" ind1="2" ind2=" ">
            <subfield code="a">Biblioteca civica Aprosiana</subfield>
            <subfield code="c">Ventimiglia</subfield>
            <subfield code="g">I-VTM</subfield>
         </datafield>
         <datafield tag="622" ind1=" " ind2=" ">
            <subfield code="e">Biblioteca civica Aprosiana, Via Cavour, 61, 18039 Ventimiglia (IM), Italy</subfield>
            <subfield code="u">http://goo.gl/daeY2O</subfield>
         </datafield>
      </record>