
      <record>
         <leader>00000nz  a2200169   4500</leader>
         <controlfield tag="001">30003552</controlfield>
         <controlfield tag="003">RISM</controlfield>
         <controlfield tag="005">20160216</controlfield>
         <controlfield tag="008">160216n||az|||||||##########||||||||||||</controlfield>
         <datafield tag="040" ind1=" " ind2=" ">
            <subfield code="a">I-VTp</subfield>
         </datafield>
         <datafield tag="043" ind1=" " ind2=" ">
            <subfield code="c">XA-IT</subfield>
         </datafield>
         <datafield tag="110" ind1="2" ind2=" ">
            <subfield code="a">Biblioteca Pio XII, Pontificio Seminario Regionale per il Lazio Superiore</subfield>
            <subfield code="c">Viterbo</subfield>
            <subfield code="g">I-VTp</subfield>
         </datafield>
         <datafield tag="410" ind1="2" ind2=" ">
            <subfield code="a">Convento di S. Maria della Quercia</subfield>
         </datafield>
         <datafield tag="622" ind1=" " ind2=" ">
            <subfield code="e">Biblioteca Pio XII, Pontificio Seminario,  Regionale per il Lazio Superiore, Via del Popolo, 2, 01030 La Quercia - Viterbo (VT), Italy</subfield>
         </datafield>
      </record>