
      <record>
         <leader>00000nz  a2200169   4500</leader>
         <controlfield tag="001">30002002</controlfield>
         <controlfield tag="003">RISM</controlfield>
         <controlfield tag="005">20160216</controlfield>
         <controlfield tag="008">160216n||az|||||||##########||||||||||||</controlfield>
         <datafield tag="040" ind1=" " ind2=" ">
            <subfield code="a">I-VTs</subfield>
         </datafield>
         <datafield tag="043" ind1=" " ind2=" ">
            <subfield code="c">XA-IT</subfield>
         </datafield>
         <datafield tag="110" ind1="2" ind2=" ">
            <subfield code="a">Biblioteca Provinciale Anselmo Anselmi</subfield>
            <subfield code="c">Viterbo</subfield>
            <subfield code="g">I-VTs</subfield>
         </datafield>
         <datafield tag="622" ind1=" " ind2=" ">
            <subfield code="e">Biblioteca Provinciale Anselmo Anselmi, Viale Trento, 24, 01100 Viterbo (VT), Italy</subfield>
            <subfield code="u">http://www.bibliotecaviterbo.it/la-biblioteca-provinciale-anselmo-anselmi/</subfield>
         </datafield>
      </record>