
      <record>
         <leader>00000nz  a2200169   4500</leader>
         <controlfield tag="001">30080407</controlfield>
         <controlfield tag="003">RISM</controlfield>
         <controlfield tag="005">20160216</controlfield>
         <controlfield tag="008">160216n||az|||||||##########||||||||||||</controlfield>
         <datafield tag="040" ind1=" " ind2=" ">
            <subfield code="a">I-VTscm</subfield>
         </datafield>
         <datafield tag="043" ind1=" " ind2=" ">
            <subfield code="c">XA-IT</subfield>
         </datafield>
         <datafield tag="110" ind1="2" ind2=" ">
            <subfield code="a">Biblioteca della scuola comunale di musica</subfield>
            <subfield code="c">Viterbo</subfield>
            <subfield code="g">I-VTscm</subfield>
         </datafield>
         <datafield tag="622" ind1=" " ind2=" ">
            <subfield code="e">Biblioteca della scuola comunale di,  musica, Via Teatro Nuovo, 2, 01100 Viterbo (VT), Italy</subfield>
            <subfield code="u">http://www.scuolamusicaleviterbo.it/</subfield>
         </datafield>
      </record>