
      <record>
         <leader>00000nz  a2200169   4500</leader>
         <controlfield tag="001">30005536</controlfield>
         <controlfield tag="003">RISM</controlfield>
         <controlfield tag="005">20160216</controlfield>
         <controlfield tag="008">160216n||az|||||||##########||||||||||||</controlfield>
         <datafield tag="040" ind1=" " ind2=" ">
            <subfield code="a">I-VTsm</subfield>
         </datafield>
         <datafield tag="043" ind1=" " ind2=" ">
            <subfield code="c">XA-IT</subfield>
         </datafield>
         <datafield tag="110" ind1="2" ind2=" ">
            <subfield code="a">Archivio della Chiesa di S. Maria del Paradiso</subfield>
            <subfield code="c">Viterbo</subfield>
            <subfield code="g">I-VTsm</subfield>
         </datafield>
         <datafield tag="580" ind1=" " ind2=" ">
            <subfield code="x">I-Rfm</subfield>
            <subfield code="0">30070357</subfield>
         </datafield>
      </record>