
      <record>
         <leader>00000nz  a2200169   4500</leader>
         <controlfield tag="001">30080408</controlfield>
         <controlfield tag="003">RISM</controlfield>
         <controlfield tag="005">20160216</controlfield>
         <controlfield tag="008">160216n||az|||||||##########||||||||||||</controlfield>
         <datafield tag="040" ind1=" " ind2=" ">
            <subfield code="a">I-VTsmq</subfield>
         </datafield>
         <datafield tag="043" ind1=" " ind2=" ">
            <subfield code="c">XA-IT</subfield>
         </datafield>
         <datafield tag="110" ind1="2" ind2=" ">
            <subfield code="a">Archivio storico del Santuario Madonna della Quercia</subfield>
            <subfield code="c">Viterbo</subfield>
            <subfield code="g">I-VTsmq</subfield>
         </datafield>
         <datafield tag="622" ind1=" " ind2=" ">
            <subfield code="e">Archivio storico del Santuario Madonna,  della Quercia, Piazza del Santuario, 01030 Viterbo - La Quercia (VT), Italy</subfield>
         </datafield>
      </record>