
      <record>
         <leader>00000nz  a2200169   4500</leader>
         <controlfield tag="001">30005531</controlfield>
         <controlfield tag="003">RISM</controlfield>
         <controlfield tag="005">20160216</controlfield>
         <controlfield tag="008">160216n||az|||||||##########||||||||||||</controlfield>
         <datafield tag="040" ind1=" " ind2=" ">
            <subfield code="a">I-Vu</subfield>
         </datafield>
         <datafield tag="043" ind1=" " ind2=" ">
            <subfield code="c">XA-IT</subfield>
         </datafield>
         <datafield tag="110" ind1="2" ind2=" ">
            <subfield code="a">Università degli Studi di Venezia, Dip. di Storia dell'Arte - Storia della Musica, Biblioteca</subfield>
            <subfield code="c">Venezia</subfield>
            <subfield code="g">I-Vu</subfield>
         </datafield>
         <datafield tag="622" ind1=" " ind2=" ">
            <subfield code="e">Università degli Studi di Venezia, Dip., di Storia dell'Arte - Storia della, Musica, Biblioteca, Dorsoduro 3199 (S. Croce 2161/a?), I, -30123 (30125?) Venezia</subfield>
         </datafield>
      </record>