
      <record>
         <leader>00000nz  a2200169   4500</leader>
         <controlfield tag="001">30005537</controlfield>
         <controlfield tag="003">RISM</controlfield>
         <controlfield tag="005">20160216</controlfield>
         <controlfield tag="008">160216n||az|||||||##########||||||||||||</controlfield>
         <datafield tag="040" ind1=" " ind2=" ">
            <subfield code="a">I-ZOPpancera</subfield>
         </datafield>
         <datafield tag="043" ind1=" " ind2=" ">
            <subfield code="c">XA-IT</subfield>
         </datafield>
         <datafield tag="110" ind1="2" ind2=" ">
            <subfield code="a">Archivio privato Conti Pancera di Zoppolo-Gambara</subfield>
            <subfield code="c">Zoppola</subfield>
            <subfield code="g">I-ZOPpancera</subfield>
         </datafield>
         <datafield tag="622" ind1=" " ind2=" ">
            <subfield code="e">Archivio privato Conti Pancera di, Zoppolo-Gambara, I-33080 Zoppola (PD). Regione Friuli, Venezia Giulia</subfield>
         </datafield>
      </record>