
      <record>
         <leader>00000nz  a2200169   4500</leader>
         <controlfield tag="001">30005538</controlfield>
         <controlfield tag="003">RISM</controlfield>
         <controlfield tag="005">20160216</controlfield>
         <controlfield tag="008">160216n||az|||||||##########||||||||||||</controlfield>
         <datafield tag="040" ind1=" " ind2=" ">
            <subfield code="a">I-ZSGp</subfield>
         </datafield>
         <datafield tag="043" ind1=" " ind2=" ">
            <subfield code="c">XA-IT</subfield>
         </datafield>
         <datafield tag="110" ind1="2" ind2=" ">
            <subfield code="a">S. Pietro e Paolo, Biblioteca Prepositurale</subfield>
            <subfield code="c">Zibido San Giacomo</subfield>
            <subfield code="g">I-ZSGp</subfield>
         </datafield>
         <datafield tag="622" ind1=" " ind2=" ">
            <subfield code="e">S. Pietro e Paolo, Biblioteca, Prepositurale, Via XXV Aprile 2, I-90080 Zibido San, Giacomo (MI). Regione Lombardia</subfield>
         </datafield>
      </record>
   </collection>

